3005 3547
1515 172 1562 207 18

446 302 651 353 ἀνθρώπων
681 302 738 339 ἐπὶ
767 303 930 340 πλεῖστον
962 302 1098 353 ἀρκεῖν,
1130 302 1163 340 οἲ
1192 301 1235 340 ἂν
1266 307 1309 353 τῇ
1339 303 1402 354 μὲν
1432 308 1647 354 παρασκευῇ
1669 302 1790 340 δίκαια
1812 303 2011 353 πρασσωσι,
2043 307 2086 352 τῇ
2107 303 2147 340 δὲ
2167 304 2308 353 γνώμῃ,
2340 303 2381 353 ἦν
2412 304 2619 348 ἀδικῶνται,

446 370 550 420 δῆλοι
580 368 646 406 ὦσι
677 369 727 419 μὴ
757 367 1014 420 ἐπιτρέψοντες,
1057 367 1139 406 ἀλλ’
1172 369 1229 406 ἐπὶ
1258 372 1308 420 τῷ
1339 370 1388 420 μὴ
1419 371 1541 407 λυπεῖν
1570 383 1609 406 τε
1639 368 1774 410 ἄλλους
1808 368 1869 405 καὶ
1908 367 2009 406 αὐτοὶ
2044 368 2266 420 ἀμυνόμενοι
2308 370 2357 420 μὴ
2395 370 2620 422 βλάπτεσθαι

443 435 484 473 τὸ
514 433 589 473 ἴσον
618 434 758 486 νέμετε.
828 436 1007 482 Equidem
1042 438 1270 483 probabilius
1307 438 1427 474 iudico
1469 449 1548 474 cum
1577 438 1610 475 J.
1642 437 1683 474 G.
1714 437 1935 473 Schneidero
1947 435 1976 483 l)
2003 437 2098 473 hunc
2134 438 2253 473 locum
2282 438 2335 473 ita
2364 439 2539 484 intellegi,
2581 442 2622 474 ut

445 500 502 538 ἐπὶ
530 502 582 552 τῷ
611 513 684 539 non
714 504 905 539 consilium
935 503 999 539 sed
1029 504 1278 540 condicionem
1308 503 1498 549 significet,
1541 515 1621 540 cum
1650 504 1718 539 hac
1747 513 1819 538 una
1847 503 2149 548 interpretatione
2179 503 2227 547 id,
2269 504 2365 548 quod
2394 504 2622 550 Thucydides

445 570 716 605 Corinthiorum
744 570 885 614 legatos
914 569 1214 605 Lacedaemoniis
1244 571 1441 606 obicientes
1471 570 1570 614 facit,
1614 570 1771 605 dilucide
1807 570 2019 614 explicetur.
2083 569 2182 604 Idem
2220 574 2342 604 censet
2371 570 2510 614 Poppo,
2542 582 2621 606 cum

444 636 562 672 locum
591 636 629 670 in
658 635 818 680 linguam
848 635 1017 671 Latinam
1046 637 1099 671 ita
1127 640 1262 671 vertat:
1301 636 1375 681 ,sed
1404 637 1623 681 aequitatem
1654 636 1784 679 colitis,
1824 636 1877 670 ita
1904 635 2108 679 (proposita
2143 635 2210 670 hac
2240 635 2477 681 condicione),
2517 640 2557 671 ut
2586 640 2623 672 ct

443 702 536 738 alios
565 712 638 738 non
668 701 822 737 laedatis
852 705 889 737 et
918 702 1001 747 ipsi,
1044 702 1127 738 dum
1166 703 1317 738 iniurias
1355 703 1587 748 propulsetis,
1631 703 1796 738 damnum
1837 712 1909 738 non
1939 701 2150 747 patiamini’.
2218 701 2373 738 Probari
2408 702 2521 747 igitur
2549 714 2621 739 non

444 772 566 812 potest
594 779 712 813 neque
741 769 996 813 interpretatio
1027 768 1213 813 Classenii,
1246 770 1306 813 qui
1335 770 1605 814 praepositione
1634 766 1691 804 ἐπὶ
1719 769 1884 814 neglecta
1912 769 2029 804 locum
2059 768 2111 804 ita
2140 769 2304 813 exponit:
2336 768 2404 813 ,ihr
2433 769 2508 813 legt
2537 769 2622 803 den-

446 834 569 871 selben
599 835 706 871 Wert
735 834 800 871 auf
826 835 890 872 das
919 834 1152 882 (Verfahren)
1179 836 1317 872 andern
1346 836 1465 872 nichts
1495 847 1538 872 zu
1568 836 1680 872 Lcide
1710 847 1754 871 zu
1783 835 1873 871 thun
1914 835 1988 871 und
2025 835 2090 871 das
2126 836 2202 871 sich
2232 835 2344 871 selbst
2374 836 2622 880 verteidigend

445 901 545 936 nicht
575 913 618 937 zu
649 901 812 937 Schaden
842 913 886 937 zu
915 902 1104 946 kommen',
1136 912 1252 946 neque
1281 903 1376 938 ratio
1405 902 1652 946 Herwerdeni,
1685 902 1746 947 qui
1777 898 1833 937 ἐπὶ
1861 902 2048 938 Badhamo
2078 905 2226 938 auctore
2238 901 2267 948 2)
2295 902 2433 939 incluso
2464 902 2622 938 dativum

448 967 499 1015 τῷ
531 965 581 1015 μὴ
613 966 735 1002 λυπεῖν
766 979 810 1002 ex
840 968 950 1002 verbo
981 964 1099 1015 νέμειν
1128 967 1343 1011 pendentem
1372 966 1471 1003 facit.

641 1298 781 1342 Restat,
813 1301 852 1333 ut
882 1298 919 1333 iu
948 1308 1057 1333 unum
1087 1296 1325 1341 conseramuS,
1358 1307 1448 1342 quae
1477 1297 1526 1333 sit
1547 1297 1653 1340 ratio,
1686 1307 1764 1332 cum
1795 1296 1839 1332 de
1868 1297 2032 1340 pluribus
2062 1296 2249 1332 infinitivis
2267 1297 2406 1342 agitur:
2438 1300 2624 1342 repetatur

443 1365 620 1399 articulus
650 1374 773 1400 necne.

642 1430 679 1475 a)
707 1429 867 1465 Iteratur
896 1429 1083 1473 articulus,
1116 1439 1195 1464 eum
1225 1428 1393 1464 infinitivi
1423 1429 1519 1464 inter
1548 1439 1585 1464 sc
1616 1432 1857 1473 opponuntur.
1914 1429 2014 1464 Fieri
2045 1429 2082 1464 id
2112 1432 2232 1474 potest
2262 1429 2368 1465 modo
2399 1429 2555 1474 duplici:

710 1495 749 1540 α)
777 1505 843 1539 per
871 1495 1088 1539 particulam
1118 1495 1382 1530 adversativam
1413 1492 1521 1536 ἀλλά,
1552 1498 1591 1529 ut
1622 1494 1786 1537 11,44,3
1829 1490 1856 1540 (.
1889 1519 1898 1528 .
1931 1519 1940 1528 .
1972 1490 2039 1528 οὐκ
2076 1491 2112 1529 ἐν
2141 1494 2193 1542 τῷ
2223 1492 2364 1543 ἀχρείῳ
2393 1495 2455 1543 τῆς
2485 1492 2624 1542 ἡλικίας

443 1559 484 1596 τὸ
515 1558 727 1609 κερδαίνειν,
758 1558 881 1610 ὥσπερ
910 1557 999 1600 τινές
1029 1571 1129 1610 φασι,
1162 1559 1300 1609 μᾶλλον
1329 1557 1461 1609 τέρπει,
1492 1557 1588 1595 ἀλλὰ
1616 1557 1656 1595 τὸ
1686 1557 1870 1609 τιμᾶσθαι.
1914 1560 2126 1605 V11,81,3.
2168 1581 2213 1586 —
2258 1561 2334 1596 Nec
2363 1561 2506 1597 tollitur
2535 1561 2624 1597 hacc

446 1627 504 1663 lex
534 1625 782 1672 vl1‚28‚3.³)

716 1690 752 1741 β)
780 1702 845 1736 per
873 1693 1090 1736 particulam
1120 1693 1373 1727 disiunctivam
1403 1689 1479 1740 ἤ.4)

645 1758 728 1794 Non
758 1759 914 1793 iteratur
934 1759 1120 1802 articulus,
1152 1768 1231 1793 cum
1255 1759 1348 1793 alter
1366 1757 1576 1801 infinitivus,
1609 1758 1666 1792 cui
1686 1758 1883 1801 opponitur
1904 1759 2009 1801 alter,
2040 1758 2239 1793 audiendus
2258 1762 2324 1803 est,
2355 1762 2395 1794 ut
2419 1759 2486 1802 III,
2502 1760 2567 1803 85,
2585 1761 2624 1794 2:

531 1851 540 1859 .
572 1822 744 1874 διέβησαν
775 1822 812 1863 ἐς
839 1822 902 1872 τὴν
932 1825 1052 1872 νῆσον,
1084 1850 1093 1859 .
1113 1850 1121 1859 .
1147 1850 1155 1859 .
1182 1822 1243 1859 καὶ
1271 1821 1315 1859 τὰ
1345 1823 1454 1859 πλοῖα
1483 1821 1742 1872 ἐμπρήσαντες,
1774 1821 1873 1863 ὅπως
1903 1820 2078 1871 ἀπόγνοια
2106 1819 2131 1872 ᾖ
2161 1824 2224 1859 τοῦ
2255 1821 2347 1860 ἄλλο
2377 1836 2407 1859 τι
2438 1822 2461 1872 ἢ
2485 1825 2625 1874 κρατεῖν

448 1891 510 1938 τῆς
538 1891 616 1939 γῆς,
648 1888 848 1940 ἀποβάντες
877 1887 913 1928 ἐς
943 1888 984 1924 τὸ
1016 1886 1099 1939 ὄρος
1127 1886 1305 1939 Ἰστώνην,
1337 1915 1347 1924 .
1379 1915 1388 1924 .
1421 1915 1431 1924 .
1462 1885 1632 1939 ἔφθειρον
1661 1887 1744 1929 τοὺς
1772 1887 1809 1924 ἐν
1838 1891 1882 1938 τῇ
1910 1887 2016 1925 πόλει
2045 1888 2119 1925 κτὲ.

645 1956 754 1992 Cuius
783 1957 837 1992 rei
867 1957 1020 1993 mutatio
1050 1967 1122 1993 non
1152 1956 1205 2001 fit,
1237 1957 1267 1992 si
1298 1956 1523 2001 praepositio
1554 1957 1676 2001 aliqua
1705 1957 1873 2000 adicitur,
1917 1967 1995 1992 cum
2034 1960 2070 1992 et
2099 1958 2201 2002 prior
2230 1961 2266 1993 et
2295 1958 2478 2002 posterior
2506 1957 2626 1993 infini-

446 2024 540 2058 tivus
570 2033 686 2067 neque
716 2024 871 2058 articulo
901 2033 1016 2067 neque
1045 2024 1316 2066 praepositione
1347 2025 1479 2057 careat.
1538 2023 1659 2057 Veluti
1690 2023 1840 2066 legimus
1864 2022 1973 2066 Ι,38,
1996 2025 2037 2057 1:
2068 2021 2171 2070 ἡμεῖς
2201 2020 2241 2057 δὲ
2271 2019 2347 2058 οὐδ’
2374 2020 2478 2058 αὐτοί
2504 2034 2625 2072 φαμεν

446 2086 502 2123 ἐπὶ
530 2087 583 2136 τῷ
613 2085 682 2123 ὑπὸ
712 2084 849 2123 τούτων
887 2085 1098 2137 ὑβρίζεσθαι
1139 2085 1352 2131 κατοικίσαι,
1395 2084 1475 2122 ἀλλ’
1509 2084 1566 2121 ἐπὶ
1605 2087 1657 2135 τῷ
1698 2084 1875 2134 ἡγεμόνες
1912 2099 1951 2122 τε
1992 2084 2082 2122 εἶναι
2122 2087 2195 2124 κτλ.
2239 2090 2336 2132 34,1
2382 2093 2418 2124 et
2458 2090 2487 2133 Ι,
2506 2091 2624 2132 72,2;

445 2150 637 2204 ἐβούλοντο
668 2179 677 2188 .
710 2179 719 2188 .
752 2179 761 2188 .
792 2150 1016 2203 ποιήσασθαι
1047 2179 1056 2188 .
1074 2179 1083 2188 .
1102 2179 1111 2188 .
1141 2152 1213 2193 τοῖς
1242 2150 1430 2204 νεωτέροις
1459 2149 1625 2203 ἐξήγησιν
1657 2149 1705 2187 ὧν
1736 2148 1876 2203 ἄπειροι
1906 2148 2010 2203 ἦσαν,
2040 2150 2243 2203 νομίζοντες
2272 2151 2410 2203 μᾶλλον
2435 2149 2478 2190 ἂν
2495 2150 2626 2195 αὐτοὺς

446 2219 487 2256 ἐκ
517 2222 587 2255 τῶν
618 2218 738 2266 λόγων
768 2219 858 2268 πρὸς
887 2219 927 2255 τὸ
959 2219 1159 2268 ᾗσυχοίζειν
1188 2218 1389 2268 τραπέσθαι
1420 2218 1443 2266 ἦ
1472 2219 1561 2267 πρὸς
1590 2218 1630 2254 τὸ
1661 2220 1842 2267 πολεμεῖν.

644 2284 684 2336 b)
714 2286 797 2324 Nou
825 2287 981 2324 iteratur
1010 2287 1197 2332 articulus,
1229 2298 1309 2323 cum
1338 2286 1510 2323 infinitivi
1540 2287 1637 2322 inter
1666 2297 1703 2322 se
1733 2287 2014 2332 coniunguntur,
2058 2287 2134 2332 vel,
2177 2290 2217 2323 ut
2255 2287 2349 2323 idem
2391 2288 2474 2323 aliis
2503 2288 2623 2324 verbis

447 2353 659 2399 exprimam,
691 2363 770 2389 cum
799 2353 978 2399 notiones,
1010 2363 1101 2399 quae
1130 2352 1318 2389 infinitivis
1348 2353 1592 2398 continentur,
1629 2356 1691 2389 aut
1729 2353 1875 2390 eaedem
1915 2356 1978 2390 aut
2008 2353 2142 2390 similes
2172 2356 2234 2390 aut
2263 2354 2355 2391 tales
2384 2357 2479 2399 sunt,
2518 2358 2558 2391 ut
2587 2354 2625 2390 in

447 2422 650 2465 posteriore
680 2420 861 2455 infinitivo
891 2420 1039 2455 effectus
1068 2422 1125 2455 vel
1155 2422 1363 2456 consecutio
1394 2421 1527 2465 prioris
1557 2421 1655 2456 insit.

647 2486 838 2523 Coniuncti
868 2490 952 2521 sunt
980 2486 1076 2521 inter
1105 2497 1143 2521 se
1172 2486 1356 2522 infinitivi:

714 2550 754 2602 α)
783 2562 850 2597 per
878 2549 951 2596 καί,
982 2556 1022 2587 ut
1051 2552 1177 2597 11‚42,
1195 2552 1238 2587 3:
1270 2578 1279 2587 .
1312 2578 1321 2587 .
1353 2578 1363 2587 .
1393 2550 1433 2587 τὸ
1465 2548 1670 2600 ἀμύνεσθαι
1700 2549 1760 2587 καὶ
1789 2549 1917 2587 παθεῖν
1949 2551 2086 2600 μᾶλλον
2116 2550 2340 2601 ἡγησάμενοι
2371 2578 2380 2587 .
2412 2578 2422 2587 .
2455 2579 2464 2587 .
2494 2550 2534 2588 τὸ
2561 2550 2625 2602 μὲν

449 2615 602 2667 αἰσχρὸν
631 2618 694 2653 τοῦ
725 2614 836 2666 λόγου
866 2614 1000 2667 ἔφυγον
1031 2643 1041 2653 .
1073 2644 1083 2653 .
1115 2644 1124 2653 .
1158 2620 1222 2666 64,
1238 2620 1273 2654 4.
1315 2618 1529 2662 V11,81,3.

714 2681 749 2732 β)
777 2694 843 2728 per
872 2681 910 2719 τέ
936 2704 983 2710 —-
1014 2681 1087 2727 καί,
1119 2688 1158 2719 ut
1187 2684 1269 2727 VII,
1287 2685 1350 2727 68,
1368 2685 1409 2719 3:
1439 2682 1479 2719 τὸ
1512 2681 1552 2718 δὲ
1583 2710 1592 2717 .
1625 2709 1634 2717 .
1667 2709 1676 2717 .
1707 2679 1835 2718 τούσδε
1864 2696 1902 2718 τε
1932 2681 2157 2731 κολασθῆναι
2186 2682 2247 2719 καὶ
2274 2686 2319 2731 τῇ
2347 2682 2447 2732 πάσῃ
2478 2680 2625 2731 Σικελίᾳ

449 2746 687 2798 καρπουμένῃ
723 2747 784 2785 καὶ
812 2747 891 2799 πρὶν
927 2747 1140 2799 ἐλευθερίαν
1177 2746 1409 2799 βεβαιοτέραν
1444 2747 1672 2799 παραδοῦναι
1713 2747 1825 2788 καλὸς
1861 2748 1879 2785 ὁ
1911 2747 2023 2797 ἀγών.
2082 2751 2111 2795 Ι,
2128 2751 2242 2794 38,1.
2282 2753 2397 2795 7l,l.
2443 2751 2625 2796 11‚51,4.

450 2816 494 2859 v,
514 2818 574 2858 16,
594 2818 625 2851 1.
684 2816 746 2860 vl,
763 2817 826 2860 55,
843 2817 877 2852 2.
936 2816 1196 2861 V111,106‚2.

652 2955 676 2998 ¹)
701 2955 808 2989 adnot.
835 2957 890 2990 Kr.
939 2954 964 2998 2)
989 2957 1144 2989 Mnemos.
1171 2957 1226 2994 111,
1250 2967 1282 2999 p.
1308 2959 1372 2989 375
1398 2967 1445 2997 sq.
1493 2955 1520 2997 ³)
1544 2956 1608 2987 vid.
1633 2967 1665 2997 p.
1691 2958 1720 2989 6.
1768 2956 1793 2997 ⁴)
1818 2956 1872 2987 vid
1908 2968 1938 2999 p.
1966 2961 2001 2996 5,
