2925 3537
1452 187 1475 226 8

565 320 603 367 d)
632 321 767 359 Infinit.
798 322 1025 357 accusativus
1055 321 1188 366 pendet
1218 333 1262 358 ex
1293 323 1483 359 adiectivis
1513 323 1687 358 relativis.

564 389 655 429 Sunt
685 389 774 425 duo:
806 384 928 428 ἱκανός
957 388 1021 433 VI,
1041 391 1102 434 17,
1120 390 1141 425 6
1171 386 1227 436 (τὸ
1259 387 1322 438 μὲν
1353 387 1390 430 ἐς
1419 387 1481 438 τὴν
1511 390 1576 439 γῆν
1597 387 1701 438 ἡμῶν
1722 385 1926 439 ἐσβάλλειν,
1958 382 2025 424 κᾶν
2047 384 2097 437 μὴ
2125 383 2400 439 ἐκπλεύσωμεν,
2434 386 2553 428 ἱκανοί

364 450 450 491 εἰσιν
489 452 579 501 κτὲ.)
618 458 654 491 et
695 451 884 504 πρόθυμος
925 455 1103 500 11‚53‚2.
1172 456 1326 492 Praeter
1367 457 1467 492 illum
1509 457 1626 492 locum
1667 455 1894 500 Thucydides
1931 454 2120 491 formulam
2162 452 2284 490 ἱκανὸν
2326 453 2416 491 εἶναι
2453 458 2548 493 nudo

366 532 443 555 cum
475 520 654 556 infinitivo
667 520 695 565 1)
724 521 944 566 coniungere
975 522 1078 557 solet.

565 586 600 631 e)
628 586 763 624 Infinit.
794 589 1023 623 accusativus
1053 588 1220 624 absolute
1249 590 1431 634 reperitur
1472 588 1611 624 duobus
1646 588 1701 623 his
1739 588 1828 624 locis
1841 586 1887 633 2);
1930 587 1994 636 IV,
2011 588 2111 632 28,1
2156 585 2194 633 (ὃ
2225 584 2265 623 δὲ
2297 582 2424 627 Νικίας
2454 615 2463 624 .
2496 615 2505 624 .
2538 616 2547 624 .

369 650 464 701 ὁρῶν
496 648 604 687 αὐτὸν
633 649 709 698 (τὸν
741 647 915 699 Κλέωνα)
944 650 1174 702 ἐπιτιμῶντα,
1211 650 1378 689 ἐκέλευεν
1409 653 1528 702 ἥντινα
1566 650 1733 703 βούλεται
1773 650 1922 702 δύναμιν
1963 650 2122 702 λαβόντα
2157 652 2197 688 τὸ
2237 651 2293 688 ἐπὶ
2330 653 2424 703 σφᾶς
2460 651 2548 689 εἶναι

366 716 578 767 ἐπιχειρεῖν)
607 722 643 754 et
672 719 776 763 VIII,
793 720 859 764 48,
877 721 911 755 6.

1164 816 1237 856 1v.
1268 816 1507 857 Genetivus
1536 816 1757 857 infinitivi.

568 894 605 940 a)
634 894 770 933 Infinit.
801 896 989 941 genetivus
1020 899 1075 931 est
1104 906 1172 940 pro
1202 894 1412 945 subiecto.³)

568 960 607 1006 b)
636 960 772 997 Infinit.
801 963 989 1006 genetivus
1020 965 1075 997 est
1104 962 1345 1006 appositionis
1356 961 1385 1007 4)
1414 963 1505 998 loco.

575 1027 610 1072 c)
638 1026 773 1062 Infinit.
804 1028 991 1072 genetivus
1020 1027 1180 1062 adicitur
1210 1028 1462 1063 substantivis:

633 1093 672 1138 α)
700 1094 888 1138 genetivus
919 1094 1174 1138 epexegeticus
1204 1094 1260 1128 vel
1291 1094 1541 1138 explicativus.
1612 1095 1647 1129 Is
1688 1098 1808 1130 autem
1838 1093 1899 1130 inf.
1935 1095 2120 1139 genetivus
2161 1105 2183 1130 a
2217 1093 2426 1139 Thucydide
2464 1099 2546 1140 post

368 1158 458 1194 haec
488 1158 715 1194 substantiva
743 1159 885 1203 positus
915 1162 985 1194 est:
1017 1156 1196 1194 άδυνασία
1209 1160 1397 1204 V11,8,2.
1428 1157 1564 1207 ἀήθεια
1594 1160 1656 1203 IV,
1674 1161 1789 1204 55‚4.
1821 1157 1916 1195 αἰτία
1937 1161 1999 1204 VI,
2020 1161 2157 1204 105,3.
2189 1157 2332 1195 ἀπιστία
2346 1161 2414 1204 ΙΙΙ,
2432 1163 2494 1205 75,
2512 1162 2546 1196 3.

370 1220 546 1271 ἀπόγνοια
577 1224 645 1268 ΙΙΙ,
667 1225 732 1268 85,
762 1226 796 1259 2.
857 1220 1036 1264 ἀπόδειξις
1066 1225 1115 1269 ΙΙ,
1139 1226 1199 1268 13,
1227 1227 1260 1261 7.
1314 1222 1446 1274 ἀπορία
1477 1226 1525 1269 ΙΙ,
1550 1227 1615 1269 49,
1640 1227 1676 1261 4.
1736 1222 1918 1274 ἀρρωστία
1933 1224 1962 1269 5)
1990 1226 2059 1269 ΙΙΙ,
2085 1227 2144 1262 15.
2199 1223 2318 1275 βλάβη
2348 1226 2412 1270 VI,
2431 1228 2546 1270 41‚2.

370 1289 511 1325 διάνοια
541 1291 585 1334 V,
603 1292 639 1334 9,
655 1293 691 1327 4.
734 1287 882 1338 δόκησις
911 1291 1075 1335 V11‚67‚
1095 1294 1125 1328 1.
1181 1289 1279 1330 ἐλπίς
1309 1292 1337 1336 Ι,
1357 1293 1445 1335 144,
1463 1294 1494 1327 1.
1525 1292 1573 1336 ΙΙ,
1591 1294 1653 1335 56,
1672 1294 1705 1327 2.
1753 1289 1925 1327 ἐπιείκεια
1956 1292 1998 1336 V,
2014 1293 2078 1329 86.
2128 1289 2302 1340 ἐπιθυμία
2332 1292 2495 1336 V11,84‚
2515 1295 2547 1328 1.

369 1352 481 1404 πέρας
510 1356 725 1399 V11,42‚2.
778 1352 960 1405 πρόφασις
990 1357 1019 1400 I,
1040 1357 1131 1401 126,
1152 1359 1183 1393 1.
1229 1358 1302 1392 146
1318 1355 1356 1402 5).
1387 1357 1450 1401 IV,
1482 1359 1569 1401 126,
1592 1359 1626 1394 5.
1680 1356 1829 1406 σημεῖον
1860 1358 1922 1402 IV,
1950 1359 2039 1402 120,
2055 1359 2090 1393 4.
2143 1354 2335 1406 τέκμαρσις
2364 1358 2414 1402 11,
2429 1358 2495 1401 87,
2515 1360 2546 1392 1.

371 1419 556 1471 ὑπερβολή
587 1422 789 1466 111‚82,3.
831 1418 1032 1471 ὑπόμνησις
1061 1423 1238 1467 11,88,2.
1268 1423 1331 1468 IV,
1351 1426 1411 1468 17,
1430 1425 1464 1460 2.
1506 1419 1643 1473 φθόνος
1672 1423 1871 1467 111‚82,9.

572 1488 814 1524 Adiciendum
844 1492 898 1524 est
928 1489 1145 1524 adiectivum
1175 1500 1295 1534 unum,
1328 1490 1423 1534 quod
1453 1500 1531 1525 cum
1562 1490 1717 1525 articulo
1748 1490 1976 1525 coniunctum
2012 1489 2228 1524 substantivi
2258 1490 2335 1524 vice
2365 1488 2548 1534 fungitur:

372 1552 412 1588 τὸ
444 1551 582 1602 ἀφανές
611 1554 738 1598 ΙΙ,42,
756 1556 789 1589 3.
847 1555 920 1590 Pro
951 1556 1115 1598 exemplo
1147 1556 1194 1590 sit
1224 1556 1253 1598 Ι,
1274 1558 1371 1590 146;
1411 1555 1575 1591 σπονδῶν
1611 1553 1680 1603 γὰρ
1710 1552 1878 1604 Εὑγχυσις
1915 1553 1959 1591 τὰ
1988 1552 2181 1603 γιγνόμενα
2211 1552 2252 1603 ἦν
2282 1553 2343 1591 καὶ
2371 1552 2551 1604 πρόφασις

372 1620 435 1656 τοῦ
465 1619 649 1668 πολεμεῖν.

572 1686 786 1722 Uberiorem
816 1688 1003 1731 postulant
1033 1688 1312 1731 explicationem
1343 1688 1507 1732 II,87,1
1543 1692 1579 1723 et
1609 1689 1691 1732 VII,
1715 1689 1778 1731 67,
1798 1690 1830 1722 1.
1887 1688 2015 1723 Priore
2044 1688 2137 1731 loco,
2170 1688 2218 1731 11,
2235 1688 2298 1731 87,
2318 1690 2351 1731 1,
2383 1688 2551 1732 leguntur

374 1752 479 1788 haec:
523 1751 546 1800 ἡ
577 1750 641 1801 μὲν
679 1749 856 1800 γενομένη
893 1750 1095 1801 ναυμαχία,
1134 1751 1164 1787 ὦ
1203 1750 1331 1802 ἄνδρες
1361 1750 1653 1802 Πελοποννήσιοι,
1697 1750 1734 1788 εἴ
1763 1765 1813 1793 τις
1842 1750 1914 1802 ἄρα
1945 1751 1979 1788 δί
2009 1750 2118 1802 αὐτὴν
2149 1751 2250 1801 ὑμῶν
2293 1751 2458 1803 φοβεῖται
2488 1751 2550 1801 τὴν

374 1816 594 1866 μέλλουσαν,
625 1815 710 1867 οὐχὶ
740 1816 882 1854 δικαίαν
920 1814 1000 1867 ἔχει
1035 1815 1227 1867 τέκμαρσιν
1257 1817 1298 1854 τὸ
1329 1817 1545 1869 ἐκφοβῆσαι.
1615 1820 1821 1855 Haeserunt
1861 1820 1965 1854 multi
1995 1820 2063 1854 viri
2103 1819 2202 1854 docti
2240 1820 2276 1854 in
2313 1820 2466 1854 articulo
2496 1816 2549 1853 τὸ.

373 1885 543 1921 Reiskius
573 1885 731 1929 quidem,
763 1885 865 1920 cuius
896 1886 1109 1920 sententiam
1140 1890 1342 1930 sequuntur
1371 1886 1565 1921 Boehmius
1606 1889 1642 1921 et
1672 1884 1956 1930 Behrendtiusss),
1992 1882 2032 1919 τὸ
2069 1882 2272 1934 ἐκφοβῆσαι
2307 1885 2550 1919 accusativum

374 1951 521 1996 obiecti,
563 1947 758 1999 τέκμαρσιν
798 1952 1040 1987 accusativum
1085 1952 1288 1995 praedicati
1328 1962 1406 1987 esse
1443 1953 1531 1996 vult,
1574 1962 1653 1987 cum
1684 1952 1958 1996 interpretetur:
2001 1952 2177 1995 ⁴superius
2217 1952 2395 1995 proelium
2425 1952 2551 1986 navale

374 2017 483 2053 habet
513 2015 553 2052 τὸ
584 2014 788 2067 ἐκφοβῆσαι
818 2028 889 2052 non
920 2018 1050 2052 iustam
1081 2019 1431 2062 argumentationem
1461 2017 1592 2061 futuri3
1636 2017 1732 2061 quod
1762 2018 1928 2061 superior
1957 2027 2077 2061 pugna
2106 2017 2244 2052 navalis
2273 2027 2336 2052 vos
2366 2017 2549 2059 terruerit,

374 2084 412 2118 in
442 2093 485 2119 eo
515 2093 587 2118 non
617 2087 672 2118 est
703 2084 791 2118 satis
822 2082 962 2118 firmum
992 2087 1243 2128 argumentum
1274 2084 1318 2119 de
1349 2083 1471 2119 futuro
1502 2086 1631 2119 eventu
1672 2083 1765 2117 male
1806 2083 1995 2126 sperandi⁷.
2066 2082 2141 2117 Nec
2182 2083 2331 2117 multum
2361 2093 2382 2117 a
2411 2082 2551 2117 Reiskii

374 2149 677 2193 interpretatione
707 2148 828 2183 differt
857 2148 1055 2193 Kruegeri:
1101 2148 1170 2192 ,die
1199 2148 1389 2193 gelieferte
1420 2148 1653 2184 Seeschlacht
1682 2148 1744 2183 hat
1774 2148 1874 2182 nicht
1903 2149 1956 2183 als
1986 2148 2216 2192 gebiihrende
2246 2148 2464 2192 Ermessung
2494 2147 2552 2182 die

375 2214 735 2258 Einschuchterung‘.
793 2214 958 2258 Utraque
987 2218 1108 2249 autem
1139 2215 1336 2258 explicatio
1367 2218 1422 2249 est
1452 2215 1548 2257 talis,
1592 2217 1631 2248 ut
1671 2214 1776 2248 huius
1810 2214 1881 2249 loci
1919 2224 2061 2248 sensum
2097 2214 2265 2248 obscuret.
2295 2214 2416 2257 potius
2446 2224 2551 2256 quam

375 2279 580 2325 declaret.⁷)
636 2280 712 2315 Nec
741 2281 855 2325 magis
886 2290 971 2315 vera
1000 2280 1089 2315 mihi
1119 2280 1262 2316 videtur
1292 2291 1369 2316 esse
1400 2280 1655 2324 interpretatio
1686 2279 1872 2323 Classenii,
1914 2280 1974 2325 qui
2011 2278 2227 2315 infinitivum
2257 2279 2461 2324 significare
2490 2278 2552 2314 ad-

375 2351 480 2383 notat
510 2347 687 2390 effectum,
720 2357 825 2391 quam
855 2347 902 2381 ad
932 2347 1145 2383 sententiam
1176 2346 1388 2383 firmandam
1418 2347 1485 2383 hos
1515 2347 1614 2383 locos
1644 2346 1784 2382 laudat:
1814 2346 1925 2383 Thuc.
1958 2347 2004 2390 II,
2023 2347 2086 2391 53,
2104 2347 2124 2382 3
2157 2346 2236 2392 (Kr.
2253 2346 2300 2392 2).
2339 2345 2425 2383 ibid.
2447 2346 2550 2390 81‚4

373 2413 455 2459 (Kr.
488 2413 536 2458 3).
576 2413 780 2456 V11,33,3
810 2413 960 2458 (Kr.2);
991 2412 1100 2457 Soph.
1131 2414 1188 2448 Ai.
1223 2415 1337 2449 1143.

575 2479 625 2515 At
654 2479 773 2524 primo
804 2479 884 2515 loco
915 2477 1044 2516 infinit.
1075 2480 1301 2514 accusativus
1330 2476 1370 2514 τὸ
1401 2477 1737 2528 προσταλαιπωρεῖν
1768 2488 1810 2513 ex
1841 2478 2020 2514 adiectivo
2040 2474 2227 2527 πρόθυμος
2251 2478 2411 2522 pendens
2442 2477 2552 2522 signi-

376 2545 461 2579 ficat
489 2545 714 2579 relationem.
726 2544 756 2589 8)
812 2545 911 2580 Loco
941 2546 1058 2580 altero
1089 2549 1125 2579 et
1154 2546 1265 2580 tertio
1295 2547 1470 2580 articulus
1500 2543 1540 2579 τὸ
1560 2544 1749 2579 infinitivis
1769 2542 1987 2593 καταλαβεῖν
2017 2549 2053 2579 et
2082 2542 2274 2592 ἐπιχειρεῖν
2301 2548 2385 2588 post
2403 2544 2551 2579 verbum

377 2607 522 2659 ἐπέχειν
552 2610 697 2646 additus
728 2610 961 2647 offensionem
990 2614 1111 2647 movet
1139 2611 1287 2655 nullam,
1331 2622 1411 2647 cum
1447 2609 1676 2655 Thucydides
1705 2613 1787 2654 post
1817 2609 1927 2646 verba
1956 2610 2123 2656 negativa
2152 2610 2395 2646 accusativum
2425 2607 2553 2644 infinit.

376 2675 423 2711 ad
453 2675 618 2712 effectum
647 2676 877 2712 indicandum
889 2675 919 2722 ⁹)
946 2679 1071 2721 ponat.
1129 2675 1206 2720 Quo
1237 2677 1274 2711 in
1302 2686 1435 2722 genere
1471 2676 1559 2720 quin
1588 2674 1743 2711 formula
1771 2672 1962 2724 τέκμαρσιν
1992 2672 2083 2709 εἶναι
2121 2676 2294 2710 collocari
2323 2685 2396 2710 non
2425 2675 2551 2718 possit,

579 2792 603 2834 ¹)
627 2793 843 2824 Behrendtius
867 2804 898 2833 p.
924 2795 944 2825 9
968 2793 989 2826 l.
1016 2802 1043 2826 c.
1091 2791 1116 2833 ²)
1141 2793 1227 2834 apud
1251 2793 1482 2824 Behrendtium
1506 2802 1572 2823 non
1595 2793 1716 2823 inveni.
1773 2791 1800 2835 ³)
1818 2792 1881 2825 vid.
1898 2803 1929 2833 p.
1949 2795 1977 2825 5.
2036 2792 2062 2834 ⁴)
2087 2792 2151 2825 vid.
2177 2803 2207 2833 p.
2233 2794 2262 2825 7.
2325 2792 2351 2834 ⁶)
2384 2791 2553 2823 Weiskius

378 2858 409 2888 p.
435 2849 500 2880 497
525 2857 573 2886 sq.
598 2848 619 2879 l.
646 2857 673 2879 c.
698 2857 763 2877 non
788 2848 930 2887 praebet.
988 2847 1016 2889 ο)
1040 2858 1071 2887 p.
1097 2850 1116 2880 7
1142 2849 1162 2879 l.
1189 2858 1216 2880 c.
1272 2849 1297 2888 ⁷)
1322 2849 1479 2878 Similiter
1512 2847 1620 2877 iudico
1654 2848 1692 2877 de
1724 2849 1884 2877 sententia
1913 2848 2098 2886 Birkleinii,
2132 2849 2188 2886 qui
2221 2858 2252 2887 p.
2279 2850 2320 2879 52
2343 2849 2366 2879 l.
2391 2857 2418 2878 c.
2443 2851 2553 2875 nostro

379 2904 453 2933 loco
486 2913 559 2933 cum
594 2903 748 2943 Vl‚17,6
784 2908 815 2933 et
850 2903 995 2944 11,53‚2
1031 2903 1109 2943 (vid.
1145 2914 1175 2943 p.
1213 2905 1246 2945 7)
1295 2908 1481 2935 enumerato
1514 2902 1551 2935 τὸ
1585 2902 1775 2945 ἐκφοβήσειν
1811 2903 2031 2933 accusativum
2067 2903 2235 2934 relationis
2272 2912 2344 2933 esse
2378 2898 2552 2933 contendit.

377 2958 405 3000 ⁸)
430 2958 494 2991 vid.
520 2968 627 2999 supra.
687 2956 713 2999 ⁹)
738 2958 801 2990 vid.
827 2968 857 2998 p.
885 2960 914 2990 7.
