2951 3568
1409 200 1432 244 9

334 357 437 381 nemo
467 344 549 386 erit,
581 341 641 387 qui
672 341 822 378 dubitet.
881 341 1036 385 Quartus
1066 343 1177 385 locus,
1210 341 1319 385 Soph.
1349 341 1407 376 Ai.
1443 342 1560 384 1143,
1596 340 1686 375 haec
1725 339 1833 374 verba
1863 338 2039 375 continet:
2077 333 2148 387 ἤδη
2179 332 2254 373 ποτ’
2290 334 2385 373 εἶδον
2416 332 2503 387 ἅνδρ

334 411 407 459 ἐγὼ
436 408 584 458 γλώσσῃ
615 405 751 457 θρασὺν
767 404 784 456 s
799 403 932 447 ναύτας
961 404 1217 457 ἐφορμήσαντα
1247 407 1429 457 χειμῶνος
1458 404 1498 442 τὸ
1529 404 1642 442 πλεῖν.
1710 406 1760 442 At
1801 406 1861 441 hic
1898 404 2027 443 infinit.
2064 405 2291 441 accusativus
2336 402 2376 439 τὸ
2406 403 2506 440 πλεῖν

334 487 400 523 pro
431 475 576 512 obiecto
607 472 705 519 est1),
749 477 790 509 ut
830 484 874 509 ne
915 474 974 509 hic
1016 474 1159 518 quidem
1190 474 1289 509 locus
1319 474 1365 508 ad
1396 473 1647 508 stabiliendam
1678 472 1853 507 Classenii
1896 473 2111 507 sententiam
2153 472 2347 516 quidquam
2378 473 2507 506 valeat.

334 543 451 577 Multo
481 544 601 575 autem
631 541 888 583 simpliciorem
920 540 989 574 loci
1032 541 1182 575 sanandi
1212 528 1389 575 rationem
1428 541 1498 574 iam
1540 540 1623 574 iniit
1654 539 1868 583 Stephanus,
1912 550 1990 573 cum
2030 536 2070 573 τὸ
2100 543 2253 574 mutaret
2285 539 2321 573 in
2351 537 2426 581 τοῦ,
2468 541 2508 572 ut

333 608 396 643 τοῦ
425 603 628 655 ἐκφοβῆσαι
664 617 683 641 e
719 604 945 641 substantivo
981 601 1173 654 τέκμαρσις
1208 605 1374 651 pendeat,
1418 616 1522 650 quam
1565 605 1801 641 mutationem
1841 615 1919 641 esse
1959 603 2167 640 facillimam
2210 604 2431 649 eandemque
2461 603 2506 638 ad

334 672 594 708 enuntiationis
625 682 766 706 sensum
796 671 1018 715 aptissimam
1049 670 1232 707 fatendum
1263 672 1342 706 erit..
1399 671 1511 706 Recte
1541 672 1654 716 igitur
1683 672 1775 706 lianc
1806 672 2061 713 coniecturam,
2094 681 2199 714 quam
2230 672 2339 705 etiam
2369 670 2506 704 Meine-

333 738 414 773 kius
427 737 457 782 2)
484 737 687 781 proposuit,
720 737 757 770 in
786 741 924 771 textum
954 741 1168 780 receperunt.
1198 737 1358 772 Stahlius
1389 741 1425 772 et
1455 737 1728 772 Herwerdenus.
1793 737 1868 772 Nec
1904 737 2049 772 silentio
2088 736 2388 780 praetereundum
2418 736 2505 770 mihi

334 804 487 847 videtur,
533 803 628 847 quod
663 804 700 838 in
736 803 839 838 libris
876 803 1118 848 Thucydideis
1159 814 1225 848 pro
1255 803 1317 838 τοῦ
1356 803 1534 839 interdum
1570 804 1743 848 scriptum
1781 803 1962 847 reperitur
1990 800 2043 845 τὸ,
2088 802 2198 838 veluti
2230 800 2504 850 vlu,87,3³),

335 869 496 914 V11‚67,
518 872 550 914 1,
583 869 645 913 VI,
665 868 762 914 144).

531 935 694 970 Alterius
725 935 809 980 loci,
845 932 1062 979 VII,67,1,
1105 935 1216 971 verba
1250 939 1331 971 sunt
1368 936 1471 971 haec:
1514 933 1618 984 ἡμῶν
1656 933 1696 970 δὲ
1731 932 1771 970 τὸ
1809 947 1847 970 τε
1884 932 2050 983 ὑπάρχον
2080 930 2267 983 πρότερον,
2310 928 2409 982 ᾧπερ
2446 930 2506 968 καὶ

335 998 613 1048 ἀνεπιστήμονες
644 995 693 1035 ἔτι
724 996 822 1039 ὄντες
852 998 1170 1050 ἀπετολμησαμεν,
1203 998 1432 1051 βεβαιότερον
1462 1002 1534 1044 νῦν,
1565 999 1626 1036 καὶ
1655 1002 1716 1049 τῆς
1740 999 1928 1049 ὄοκήσεως
1957 997 2293 1049 προσγεγενημένης
2323 996 2434 1048 αὐτῷ,
2465 997 2505 1033 τὸ

334 1063 541 1115 κρατίστους
571 1062 673 1108 εἶναι,
705 1063 737 1100 εἰ
765 1064 846 1105 τοὺς
876 1064 1085 1115 κρατίστους
1113 1064 1342 1115 ἐνικήσαμεν,
1374 1065 1545 1102 διπλασία
1582 1064 1735 1102 ἑκάστου
1767 1065 1789 1114 ἢ
1819 1065 1928 1105 ἐλπίς.
1997 1066 2241 1101 Difficultates
2270 1066 2417 1110 praebet
2449 1077 2505 1100 ar-

334 1134 467 1168 ticulus
497 1130 537 1167 τὸ
568 1137 651 1167 ante
681 1133 892 1168 vocabulum
923 1130 1143 1181 κρατίστους.
1215 1133 1282 1177 Qui
1324 1145 1403 1169 eum
1441 1137 1599 1176 tuentur,
1644 1132 1832 1169 conferunt
1875 1133 1983 1177 Soph.
2015 1133 2098 1168 Ant.
2132 1133 2221 1176 235,
2265 1132 2326 1167 ubi
2357 1132 2504 1176 legitur:

334 1199 396 1246 τῆς
426 1196 570 1237 ἐλπίδος
599 1195 667 1246 γὰρ
697 1193 854 1247 ἔρχομαι
885 1195 1228 1248 ὃεόραγμένος,[τὸ
1260 1197 1309 1247 μὴ
1339 1197 1467 1234 παθεῖν
1507 1196 1549 1234 ἂν
1580 1196 1672 1234 ἄλλο
1702 1197 1793 1246 πλὴν
1823 1197 1863 1233 τὸ
1895 1196 2080 1247 μόρσιμον.
2150 1199 2197 1233 At
2235 1199 2385 1241 iniuria,
2426 1208 2505 1232 eum

335 1265 415 1300 loco
446 1264 648 1309 Sophocleo
678 1265 779 1300 artic.
810 1262 849 1299 τὸ
880 1265 961 1300 ideo
992 1276 1092 1300 suum
1122 1269 1244 1300 teneat
1273 1266 1402 1309 locum,
1443 1266 1539 1310 quod
1573 1266 1635 1314 τῆς
1664 1263 1806 1303 ἐλπίδος
1836 1261 2080 1313 δεδραγμένος
2110 1265 2208 1299 verbi
2239 1261 2392 1303 ἐλπίζειν
2423 1274 2505 1307 par—

336 1331 432 1365 tibus
462 1330 633 1375 fungitur.
692 1331 817 1374 Neque
848 1331 1052 1366 Classenius
1083 1333 1276 1375 quidquam
1306 1333 1393 1375 agit,
1431 1332 1526 1375 quod
1561 1336 1735 1375 provocat
1776 1331 1822 1365 ad
1851 1331 1962 1367 Thuc.
1993 1331 2161 1374 11,81,4
2193 1330 2271 1375 (Kr.
2288 1329 2327 1375 3)
2355 1334 2389 1364 et
2422 1330 2504 1373 vll,

337 1397 439 1439 33,3
470 1396 549 1442 (Kr.
583 1396 632 1441 2),
676 1397 738 1431 ubi
776 1400 858 1441 post
895 1397 1041 1432 verbum
1078 1393 1222 1445 ἐπέχειν
1259 1396 1387 1434 infinit.
1419 1408 1497 1432 cum
1528 1398 1681 1432 articulo
1711 1394 1750 1431 τὸ
1793 1397 2006 1432 coniunctus
2047 1396 2262 1440 reperiatur.
2332 1395 2380 1430 Ut
2411 1395 2505 1430 enim

336 1473 403 1506 pro
420 1462 494 1510 Ἲῆς
525 1459 713 1510 δοκήσεως
754 1459 1094 1511 προσγεγενημένης
1135 1464 1287 1507 simplex
1324 1463 1470 1498 verbum
1509 1474 1643 1507 ponere
1685 1463 1874 1507 possimus,
1916 1463 2008 1497 nihil
2051 1473 2115 1498 nos
2156 1462 2193 1497 id
2229 1462 2325 1496 iuvat
2357 1466 2508 1505 propter

335 1539 478 1564 causam
510 1539 618 1573 supra
629 1528 658 1574 5)
686 1529 843 1565 allatam.
902 1529 1140 1565 Mutationem
1171 1530 1361 1574 proposuit
1390 1529 1609 1574 Kruegerus,
1649 1540 1727 1564 cum
1758 1540 1824 1573 pro
1854 1526 1894 1563 τὸ
1926 1529 2107 1564 coniceret
2136 1528 2211 1570 τοῦ,
2252 1533 2288 1562 ut
2319 1529 2506 1572 genetivus

335 1594 396 1629 τοῦ
428 1620 436 1628 .
470 1620 478 1628 .
511 1620 520 1628 .
553 1591 642 1629 εἶναι
676 1606 695 1629 e
726 1593 913 1642 ὃοκήσεως
942 1596 1106 1639 pendeat.
1167 1596 1317 1631 Secutus
1354 1601 1406 1630 est
1437 1606 1515 1630 eum
1546 1596 1699 1638 Hudius,
1741 1597 1801 1639 qui
1838 1595 1899 1630 τοῦ
1937 1597 1972 1629 in
2003 1600 2139 1629 textum
2171 1599 2353 1638 receptum
2384 1594 2504 1636 babet,

335 1672 413 1696 cum
444 1657 727 1711 Behrendtiusss)
756 1662 910 1706 genetiv.
936 1661 997 1697 τοῦ
1108 1658 1196 1697 εἶναι
1226 1662 1466 1706 appositionis
1497 1663 1575 1698 loco
1606 1673 1683 1698 esse
1713 1663 1823 1698 malit.
1883 1662 1929 1697 Et
1960 1662 2047 1697 haec
2069 1660 2294 1696 difficultatis
2324 1660 2504 1696 sanandae

335 1728 429 1762 ratio
460 1727 639 1771 Kruegeri
678 1728 791 1763 multo
835 1729 961 1762 melius
1003 1729 1090 1762 mihi
1129 1729 1247 1772 placet
1288 1739 1392 1771 quam
1428 1728 1567 1763 Reiskii
1608 1728 1747 1764 Stahlio
1788 1729 1960 1772 probata,
2004 1730 2065 1772 qui
2103 1729 2293 1762 articulum
2335 1738 2413 1762 esse
2443 1728 2503 1762 ‹le-

335 1793 478 1828 lendum
509 1794 657 1830 censuit.

533 1859 663 1894 Paucis
693 1860 870 1904 agendum
901 1864 955 1894 est
971 1861 1079 1894 etiam
1096 1860 1139 1894 de
1160 1860 1188 1903 I,
1207 1861 1271 1903 87,
1288 1862 1323 1902 4,
1355 1860 1417 1894 nbi
1436 1861 1603 1904 leguntur
1619 1860 1722 1895 haec:
1753 1858 1775 1907 ἡ
1807 1857 1846 1895 δὲ
1876 1858 2065 1908 ὃιαγνώμη
2097 1857 2188 1907 αὕτη
2218 1859 2280 1907 τῆς
2309 1856 2504 1907 ἐκκλησίας

341 1924 404 1959 τοῦ
447 1921 511 1963 τὰς
551 1922 705 1964 σπονδὰς
756 1921 948 1967 λελύσθαι,
991 1922 1129 1972 ἐῃένετο
1173 1923 1245 1960 κτὲ.
1315 1925 1373 1960 Sic
1422 1926 1573 1961 codices
1643 1925 1881 1961 Offensionem
1923 1930 2041 1961 movet
2082 1926 2256 1960 articulus
2307 1924 2381 1967 τοῦ,
2423 1936 2502 1959 cum

336 1990 479 2025 finalem
496 1989 523 2036 7)
552 2002 693 2026 sensum
724 1991 834 2026 verba
863 1991 925 2026 τοῦ
957 2017 966 2025 .
999 2017 1007 2025 .
1040 2017 1049 2025 .
1081 1987 1255 2026 λελύσθαι
1284 2002 1356 2027 non
1384 1991 1553 2035 habeant,
1584 1996 1623 2026 ut
1653 1992 1700 2027 sit
1717 1992 1859 2035 mirum,
1891 2002 1955 2026 cur
1976 1992 2114 2036 Poppo,
2146 1992 2362 2036 Kruegerus,
2385 1991 2502 2027 Boeb-

336 2056 441 2100 mius,
474 2055 672 2092 Schoenius
704 2056 797 2091 hunc
827 2056 1042 2092 infinitivum
1073 2060 1248 2092 commate
1285 2057 1330 2092 ab
1369 2058 1595 2092 antecedenti
1633 2058 1694 2105 τῆς
1733 2055 1926 2105 ἐκκλησίας
1961 2059 2193 2093 seiunxerint.
2251 2058 2374 2101 Neque
2404 2057 2502 2091 Clas-

335 2122 475 2164 seniuS,
521 2123 581 2165 qui
623 2126 739 2166 genet.
780 2122 843 2156 τοῦ
880 2119 1055 2157 λελύσθαι
1096 2123 1309 2166 pendentem
1351 2122 1438 2157 facit
1476 2133 1495 2157 e
1536 2123 1759 2158 substantivo
1796 2121 1983 2171 ὀιαγνώμη
2021 2128 2191 2167 sequente
2231 2123 2501 2167 Behrendtiob),

335 2186 568 2222 offensionem
601 2188 710 2230 tollit,
743 2198 821 2222 cum
854 2188 941 2222 haec
973 2189 1178 2223 coniunctio
1209 2187 1295 2222 ferri
1326 2189 1385 2222 vix
1416 2189 1540 2232 possit.
1610 2189 1817 2233 Krucgerus
1851 2189 1913 2223 τοῦ
1951 2190 2081 2223 mutari
2120 2189 2261 2224 volebat
2300 2189 2336 2222 in
2365 2186 2417 2230 τὸ,
2462 2192 2502 2222 ut

334 2251 444 2287 verba
472 2249 512 2287 τὸ
543 2249 606 2291 τὰς
636 2250 791 2291 σπονδὰς
821 2249 996 2287 λελύσθαι
1033 2254 1275 2297 appositionis
1314 2255 1393 2289 loco
1432 2254 1642 2289 vocabulum
1674 2253 1861 2302 διαγνώμη
1902 2256 2192 2298 interpretentur.
2262 2255 2331 2288 Sed
2362 2264 2500 2295 vereor,

334 2328 379 2353 ne
408 2318 633 2362 probabilior
662 2320 861 2354 mutatione
893 2320 957 2354 illa
987 2320 1149 2363 quamvis
1180 2319 1350 2354 facillima
1381 2324 1416 2354 et
1445 2320 1491 2355 ad
1521 2321 1592 2356 loci
1614 2331 1754 2355 sensum
1776 2322 1963 2365 aptissima
1992 2322 2037 2355 sit
2059 2320 2235 2355 sententia
2255 2319 2500 2362 Ilei-werdeni,

335 2384 475 2429 Cobet-i,
508 2385 652 2429 Stahlii,
685 2387 746 2430 qui
776 2386 885 2420 verba
914 2385 977 2420 τοῦ
1006 2383 1069 2424 τὰς
1099 2396 1157 2421 σπ.
1189 2382 1364 2421 λελύσθαι
1395 2386 1507 2421 deleri
1536 2387 1672 2430 volunt,
1706 2398 1783 2422 cuin
1815 2392 1847 2422 et
1879 2398 1897 2422 e
1918 2388 2098 2431 sequentis
2118 2387 2247 2430 capitis
2278 2386 2383 2421 initio
2408 2386 2501 2421 hun(-

335 2451 371 2484 in
401 2451 517 2486 locum
548 2462 591 2486 ea
620 2452 813 2496 inrepsisse
844 2453 919 2487 veri
950 2453 1068 2487 simile
1099 2453 1143 2487 sit
1175 2463 1239 2487 nec
1269 2453 1399 2488 deletis
1429 2454 1474 2487 iis
1504 2453 1697 2497 quidquam
1728 2453 1962 2490 desideretur.

533 2517 603 2553 Sed
632 2518 839 2563 priusquam
870 2518 1064 2563 videamus,
1097 2529 1185 2564 quas
1214 2522 1360 2564 praeter
1388 2519 1481 2554 hanc
1512 2520 1689 2563 exprimat
1710 2520 1867 2554 rationes
1897 2519 1939 2562 is,
1972 2519 2031 2563 qui
2052 2529 2070 2553 e
2097 2518 2332 2553 substantivis
2355 2519 2499 2562 pendet,

336 2582 509 2618 infinitivi
538 2585 737 2628 genetivus,
770 2585 813 2618 de
844 2585 1090 2628 substantivis,
1123 2595 1213 2628 quae
1242 2596 1351 2628 supra
1380 2587 1675 2628 enumeravimuS,
1707 2596 1821 2628 pauca
1849 2585 2014 2619 addenda
2043 2589 2135 2620 sunt.
2193 2584 2388 2628 Coniungit
2408 2587 2501 2619 enim

335 2648 563 2693 Thucydides
593 2660 637 2684 cx
668 2651 711 2684 iis
741 2651 837 2685 nudo
868 2662 947 2685 cum
978 2650 1157 2686 infinitivo
1188 2651 1399 2687 vocabulum
1430 2648 1527 2690 ἐλπίς
1555 2651 1591 2685 in
1622 2649 1783 2686 formulis
1813 2647 1941 2684 ἐλπίδα
1971 2645 2059 2685 εἶναι
2090 2649 2218 2694 11‚80‚
2238 2652 2268 2685 1.
2299 2650 2342 2695 V,
2360 2652 2434 2686 102
2467 2656 2503 2686 ct

334 2710 464 2750 ἐλπίδα
494 2710 592 2764 ἔχειν
623 2715 751 2760 ΙΙ,21,
773 2718 803 2753 1.
840 2716 1000 2760 V11,41,
1021 2717 1054 2753 2.
1119 2716 1314 2752 Praeterea
1349 2716 1523 2753 vocabula
1559 2719 1702 2751 exstant
1741 2716 1882 2759 similia,
1919 2716 2049 2760 quibus
2085 2720 2120 2750 et
2157 2717 2246 2760 ipsis
2275 2717 2502 2760 Thucydides

1699 2779 1707 2792 Ἴ

335 2779 552 2815 infinitivum
583 2781 722 2816 addidit
753 2782 898 2826 nudum,
940 2784 1038 2817 velut
1067 2780 1208 2821 ἐξουσία
1237 2784 1399 2825 V11,12,
1417 2785 1450 2816 3.
1492 2778 1583 2829 ἔρως
1611 2796 1664 2811 =
1694 2780 1867 2828 ἐπιθυμία
1897 2783 1959 2825 VI,
1984 2784 2046 2824 24,
2068 2785 2108 2824 2,
2146 2780 2281 2830 ὑποψία
2313 2784 2340 2825 Ι,
2360 2785 2447 2824 132,
2469 2785 2501 2818 2.

534 2867 558 2908 ¹)
586 2867 649 2898 vid.
674 2878 705 2906 p.
731 2869 761 2899 2.
801 2868 930 2905 Kriiger
951 2877 979 2899 a.
1005 2878 1033 2899 a.
1058 2868 1097 2899 Ο.
1122 2868 1141 2905 ἓ
1166 2870 1281 2907 46‚15.
1329 2868 1462 2896 Kiihner
1495 2876 1521 2897 a.
1548 2876 1575 2896 a.
1601 2866 1639 2896 O.
1665 2867 1705 2897 Π.
1732 2867 1762 2898 S.
1798 2868 1917 2902 2626.
1979 2865 2005 2907 Ξ)
2039 2868 2177 2897 Hermes
2201 2870 2232 2906 3,
2249 2870 2324 2899 363.
2386 2867 2411 2907 ³)
2436 2868 2500 2906 vid,

334 2929 365 2958 p,
392 2921 422 2951 7.
467 2920 493 2962 ⁴)
518 2921 582 2953 vid.
606 2933 638 2962 p.
659 2924 695 2953 11
714 2932 783 2961 sqq.
818 2922 846 2963 ⁵)
871 2922 934 2955 vid.
948 2933 979 2963 p.
995 2924 1108 2954 Sextr.
1144 2920 1171 2963 ⁶)
1188 2932 1219 2961 p.
1236 2921 1316 2953 201.
1334 2931 1361 2954 c.
1388 2920 1529 2951 Eandem
1543 2920 1655 2950 tribuit
1671 2921 1736 2949 vim
1760 2920 1919 2950 infinitivo
1931 2921 2133 2951 Birkleinius
2158 2932 2188 2961 p.
2205 2924 2244 2953 53
2269 2922 2290 2953 l.
2307 2931 2347 2958 e.,
2372 2922 2502 2952 retineri

336 2978 441 3004 autem
466 2976 534 3005 vult
558 2986 659 3016 aeque
685 2986 722 3006 ac
746 2977 913 3013 v11‚36‚5
937 2983 967 3007 et
991 2978 1078 3013 VIII,
1092 2978 1178 3016 87‚3
1204 2976 1280 3016 (vid.
1305 2987 1335 3016 p.
1363 2977 1394 3016 7)
1419 2975 1566 3006 codicum
1592 2976 1793 3014 scripturam.
1842 2976 1866 3016 Ἰ)
1890 2976 1955 3006 vid.
1980 2987 2010 3015 p.
2040 2980 2089 3007 13.
2134 2977 2162 3006 ⁸³.
2186 2988 2216 3016 p.
2246 2980 2284 3008 15»
2307 2978 2328 3008 l.
2354 2987 2381 3009 e.

2283 3046 2302 3074 2
