2952 3633
1448 219 1493 254 11

383 354 478 389 ratio
508 351 691 386 minimam
721 349 830 386 habet
859 349 1166 394 probabilitatem.
1223 348 1273 385 Ut
1294 349 1388 386 enim
1407 352 1530 396 priore
1559 352 1597 387 in
1627 350 1786 386 membro
1807 350 1985 386 adiectivo
2016 347 2157 399 ἄπειροι
2187 349 2297 385 verba
2320 350 2390 384 τῶν
2422 346 2555 384 διόδων

382 413 408 466 ᾗ
439 414 513 466 χρὴ
542 412 707 464 σωθῆναι
736 415 861 451 addita
889 418 983 459 sunt,
1032 416 1085 450 ita
1125 416 1161 449 in
1196 417 1399 460 posteriore
1438 418 1655 453 adjectivum
1687 414 1878 464 ἐμπείρους
1917 420 2069 461 propter
2109 417 2351 460 oppositionis
2381 417 2557 451 rationem

383 483 668 519 additamentum
697 482 869 526 postulat.
938 481 1016 524 Qua
1045 481 1089 516 de
1119 491 1228 517 causa
1268 492 1347 517 cum
1378 483 1563 519 Classenio
1605 487 1711 518 teneo
1752 482 1955 527 genetivum
1997 481 2139 525 infinit,
2182 482 2244 526 qui
2284 492 2328 517 ex
2366 476 2558 529 ἐμπείρους

382 549 550 594 pendeat,
580 558 731 592 eumque
760 558 803 584 eo
834 546 977 584 facilius
1006 547 1052 584 ad
1081 544 1272 597 ἐμπείρους
1301 545 1342 584 δὲ
1370 543 1518 599 ἔχοντες
1546 545 1628 589 τοὺς
1659 545 1855 587 διώκοντας
1884 557 1922 583 se
1952 547 2137 592 applicare
2169 551 2270 592 puto,
2302 547 2399 592 quod
2420 550 2556 582 utrum-

382 623 451 659 que
481 613 705 649 enuntiatum
735 613 830 649 idem
859 613 970 649 habet
998 612 1207 650 subiectum.

580 679 614 724 e)
642 678 776 714 Infinit.
805 680 991 724 genetivus
1022 682 1076 714 est
1105 680 1142 714 in
1172 681 1441 724 comparatione
1471 681 1534 725 IV,
1553 682 1642 724 126,
1660 681 1701 716 5:
1740 679 1803 715 τοῦ
1841 691 1880 715 τε
1910 675 1946 718 ἐς
1976 676 2101 727 χεῖρας
2131 675 2249 714 ἐλθεῖν
2278 674 2485 727 πιστότερον
2515 675 2555 713 τὸ

381 742 599 795 ἐκφοβήσειν
629 742 725 793 ἡμᾶς
754 741 953 785 ἀκινδύνως
981 742 1162 793 ἠγοῦνται,
1204 755 1274 790 quo
1304 746 1384 783 loco
1415 745 1477 783 inf.
1506 747 1710 792 genetivum
1751 756 1818 791 pro
1859 743 1882 794 ἦ
1919 755 1998 780 cum
2037 745 2241 780 accusativo
2280 745 2437 789 positum
2477 755 2555 780 esse

381 814 543 857 apparet.

579 877 613 922 f)
640 876 775 912 Infinit.
804 878 991 921 genetivus
1020 877 1154 922 pendet
1183 888 1202 913 e
1231 877 1350 913 verbis
1380 881 1416 914 et
1445 877 1592 914 vocibus
1621 877 1741 914 verbis
1772 876 1964 913 similibus:

644 942 684 989 α)
711 943 898 989 genetivus
928 942 1196 988 praedicativus
1227 942 1416 989 V‚9,61):
1459 940 1519 978 καὶ
1548 940 1718 992 νομίσατε
1761 941 1841 992 τρία
1884 939 1974 977 εἶναι
2015 941 2079 977 τοῦ
2109 941 2231 980 καλῶς
2272 941 2440 989 πολεμεῖν
2482 940 2554 977 κτὲ.

381 1010 519 1045 Iniuria
546 1009 730 1044 Weiskius
765 1013 802 1045 et
831 1009 1071 1045 Behrendtius
1100 1009 1163 1044 τοῦ
1185 1021 1227 1045 κ.
1257 1008 1427 1058 πολεμεῖν
1458 1021 1477 1045 e
1506 1008 1586 1058 τρία
1615 1010 1773 1054 pendere
1803 1011 1938 1053 volunt,
1978 1010 2040 1044 ille
2053 1008 2082 1052 ²)
2116 1008 2282 1044 attributi
2319 1009 2414 1052 loco,
2455 1009 2514 1045 hic
2525 1008 2554 1054 3)

380 1086 446 1120 pro
475 1075 696 1120 praedicato.

644 1138 680 1190 β)
708 1140 755 1176 ad
784 1140 1057 1185 significandum
1087 1141 1268 1177 obiectum
1298 1145 1381 1186 post
1410 1140 1557 1176 verbum
1589 1137 1782 1189 ὀρέγεσθαι
1812 1140 1859 1183 11,
1878 1141 1997 1184 65,6:
2040 1137 2073 1174 οἱ
2108 1137 2148 1174 δὲ
2178 1136 2323 1187 ὕστερον
2354 1136 2421 1175 ἴσοι
2451 1136 2553 1175 αὐτοὶ

381 1205 518 1255 μᾶλλον
547 1204 636 1255 πρὸς
665 1203 847 1254 ἀλλήλους
876 1202 974 1245 ὄντες
1003 1204 1064 1242 καὶ
1093 1203 1305 1256 ὀρεγόμενοι
1345 1206 1409 1243 τοῦ
1438 1207 1578 1256 πρῶτος
1607 1203 1756 1246 ἕκαστος
1785 1203 1970 1254 γίγνεσθαι
1998 1203 2193 1254 ἐτράποντο
2222 1201 2306 1240 καθ’
2339 1203 2472 1253 ἡδονὰς
2500 1206 2552 1254 τῷ

383 1270 490 1322 δήμῳ
520 1270 581 1309 καὶ
608 1270 653 1309 τὰ
681 1270 877 1322 πράγματα
906 1269 1096 1309 ἐνδιδόναι.

641 1338 678 1386 γ)
719 1339 765 1374 ad
795 1349 938 1374 causam
968 1340 1200 1374 indicandam
1241 1340 1289 1382 11,
1307 1341 1430 1383 60‚4:
1474 1335 1557 1374 ὥστ’
1592 1335 1629 1373 εἷ’
1653 1351 1713 1386 μοι
1743 1336 1802 1373 καὶ
1844 1335 1964 1385 μέσως
2005 1334 2199 1385 ἡγούμενοι
2241 1336 2378 1385 μᾶλλον
2420 1335 2552 1387 ἑτέρων

379 1405 564 1454 προσεῖναι
594 1401 686 1440 αὐτὰ
714 1404 885 1453 πολεμεῖν
915 1402 1119 1454 ἐπείσθητε,
1151 1401 1218 1441 οὐκ
1246 1400 1289 1440 ἄν
1320 1401 1470 1444 εἰκότως
1498 1403 1558 1440 νῦν
1588 1403 1651 1440 τοῦ
1681 1415 1723 1451 γε
1753 1401 1889 1439 ἀδικεῖν
1920 1400 2034 1439 αἰτίαν
2065 1400 2256 1453 φεροίμην.
2299 1404 2362 1448 Vl,
2383 1407 2441 1441 14.
2495 1404 2550 1439 Ex

378 1472 434 1507 his
477 1472 566 1508 locis
608 1472 717 1516 paulo
758 1472 905 1507 uberius
945 1472 1034 1507 mihi
1074 1472 1351 1516 pertractandus
1390 1475 1445 1507 est
1485 1471 1549 1516 VI,
1569 1473 1627 1508 14.
1702 1470 1890 1506 Traditum
1932 1474 1985 1506 est
2017 1471 2112 1506 enim
2143 1469 2247 1505 libris
2276 1470 2363 1507 hoc:
2405 1470 2552 1519 γνώμας

378 1534 540 1586 προτίῦει
568 1534 614 1582 (ὦ
644 1533 809 1586 πρύτανι)
837 1532 942 1576 αὖθις
970 1533 1184 1586 Ἀθηναίοις,
1214 1535 1374 1585 νομίσας,
1406 1534 1437 1572 εἰ
1467 1535 1641 1585 ὀρρωδεῖς
1669 1535 1709 1571 τὸ
1741 1534 1981 1585 ἀναψηφίσαι,
2017 1534 2057 1571 τὸ
2089 1533 2153 1584 μὲν
2184 1533 2279 1571 λύειν
2309 1535 2392 1576 τοὺς
2420 1534 2552 1585 νόμους

379 1601 430 1650 μὴ
460 1601 552 1650 μετὰ
580 1600 729 1639 τοσῶνδ’
763 1599 806 1638 ἄν
837 1600 1029 1651 μαρτύρων
1059 1601 1173 1639 αἰτίαν
1203 1604 1317 1652 σχεῖν,
1353 1604 1415 1652 τῆς
1452 1601 1492 1639 δὲ
1520 1598 1665 1643 πόλεως
1695 1599 1988 1652 βουλευσαμένης
2025 1599 2144 1652 ἰατρὸς
2173 1598 2216 1637 ἂν
2246 1599 2426 1650 γενέσθαι.
2496 1606 2551 1638 Ac

378 1669 532 1713 primum
565 1668 707 1714 quidem
737 1668 935 1714 quaeritur,
968 1679 1038 1714 quo
1067 1669 1174 1706 modo
1203 1668 1332 1707 infinit.
1362 1667 1402 1704 τὸ
1433 1665 1530 1704 λύειν
1560 1670 1607 1704 sit
1637 1669 1882 1713 explicandus.
1940 1669 2144 1712 Stephanus
2165 1669 2306 1712 quidem
2337 1680 2417 1703 eum
2446 1680 2549 1704 accu-

378 1735 530 1770 sativum
561 1734 713 1770 subiecti
743 1744 820 1770 esse
850 1735 1005 1779 volebat,
1046 1745 1152 1779 quam
1182 1736 1397 1770 sententiam
1436 1736 1571 1770 nostris
1601 1735 1824 1778 temporibus
1854 1736 1971 1770 denuo
2002 1734 2185 1770 defensum
2217 1736 2259 1769 iit
2288 1734 2548 1781 Madvigius⁴);

377 1811 443 1836 nec
473 1801 657 1844 displicuit
687 1811 730 1835 ea
758 1802 954 1836 Kuehnero
969 1800 1008 1849 ⁵).
1080 1801 1150 1836 Sed
1194 1801 1231 1836 hi
1272 1801 1341 1836 viri
1381 1801 1479 1837 docti
1520 1800 1696 1837 formulae
1738 1796 1852 1836 αἰτίαν
1881 1795 1980 1849 ἔχειν
2021 1810 2122 1836 usum
2161 1810 2233 1836 non
2263 1800 2351 1836 satis
2380 1800 2548 1837 videntur

377 1869 512 1910 tenere,
544 1866 678 1911 quippe
708 1875 810 1910 quae,
843 1865 880 1901 id
910 1866 1006 1910 quod
1035 1866 1243 1911 Kruegerus
1273 1866 1498 1910 monstravit,
1531 1866 1800 1910 quibuscunque
1831 1866 1921 1900 locis
1951 1866 1988 1899 in
2018 1875 2127 1909 prosa
2159 1866 2323 1901 oratione
2351 1868 2545 1909 reperitur,

377 1932 422 1968 de
450 1932 615 1977 personis
644 1934 785 1967 tantum
814 1935 1017 1976 usurpetur.
1074 1932 1236 1967 Bauerus
1265 1935 1301 1967 et
1330 1932 1538 1976 Kruegerus
1567 1929 1607 1965 τὸ
1638 1927 1733 1965 λύειν
1764 1932 2007 1965 accusativum
2039 1931 2184 1974 obiecti,
2227 1928 2340 1966 αἰτίαν
2370 1932 2547 1967 accusati-

377 2007 460 2034 vum
489 1998 690 2043 praedicati
721 2008 798 2033 esse
828 1999 964 2042 volunt,
995 2008 1074 2033 cum
1104 1999 1166 2033 ille
1195 1998 1248 2033 ita
1276 1998 1557 2042 interpretetur:
1599 1998 1716 2042 ‘culpa
1744 2001 1780 2033 te
1810 2000 2029 2041 vacaturum,
2067 1997 2208 2032 etiamsi
2244 1998 2341 2042 leges
2371 1998 2544 2042 solveris'‚

376 2065 436 2100 hic
465 2064 528 2109 IV,
548 2065 675 2109 114,5
708 2067 905 2109 comparet,
949 2074 1019 2109 quo
1059 2064 1140 2101 loco
1181 2064 1351 2110 leguntur
1378 2063 1481 2099 haec:
1522 2059 1605 2103 τούς
1641 2075 1680 2099 τε
1719 2061 1854 2102 πάντας
1893 2060 2239 2112 παρασκευάζεσθαι
2279 2060 2468 2098 ἐκέλευσεν
2508 2062 2544 2108 (ὁ

378 2125 578 2180 Βρασίδας)
607 2128 657 2169 ὡς
686 2127 854 2180 βεβαίους
882 2141 921 2165 τε
950 2127 1143 2179 ἐσομένους
1172 2127 1386 2179 ξυμμάχους
1425 2127 1486 2165 καὶ
1526 2128 1566 2165 τὸ
1609 2127 1679 2165 ἀπὸ
1709 2128 1816 2165 τοῦδε
1845 2127 1917 2177 ἤδη
1949 2126 1970 2164 ὅ
1998 2141 2029 2164 τι
2065 2125 2108 2164 ἂν
2149 2127 2400 2178 ἁμαρτάνωσιν
2430 2127 2544 2165 ἀιτίαν

376 2194 530 2235 ἕξοντας.
588 2197 639 2231 At
668 2197 727 2231 hic
759 2198 858 2232 locus
887 2197 977 2231 nihil
1006 2198 1126 2232 valere
1155 2197 1244 2232 mihi
1273 2197 1416 2233 videtur
1444 2197 1490 2233 ad
1520 2196 1730 2233 firmandam
1744 2196 1924 2242 Kruegeri
1955 2196 2169 2233 sententiam
2199 2195 2372 2233 Boehmio
2402 2207 2545 2243 quoque

376 2261 579 2307 probatam,
611 2271 690 2297 cum
720 2264 803 2298 ante
833 2261 943 2297 verba
982 2259 1003 2297 ὅ
1031 2273 1063 2296 τι
1092 2257 1135 2296 ἂν
1165 2259 1420 2311 ἁμαρτάνωσιν
1459 2263 1657 2298 audiendus
1698 2264 1745 2297 sit
1774 2263 1959 2307 genetivus
1997 2262 2218 2306 pronominis
2256 2263 2543 2307 demonstrativi,

378 2323 519 2371 τούτου,
549 2331 589 2362 ut
619 2327 775 2363 conferri
805 2328 920 2371 possit
950 2328 979 2371 Ι,
995 2329 1060 2371 83,
1077 2329 1116 2362 2:
1146 2325 1384 2376 πορισώμεθα
1414 2324 1476 2363 οὖν
1506 2329 1647 2377 πρῶτον
1677 2325 1787 2376 αὐτὴν
1815 2328 1878 2374 (sc.
1908 2326 1969 2375 τὴν
2000 2325 2178 2375 δαπάνην)
2206 2324 2265 2363 καὶ
2295 2325 2345 2375 μὴ
2373 2327 2444 2367 τοῖς
2473 2329 2543 2364 τῶν

376 2391 580 2442 ξυμμάχων
611 2389 731 2440 λόγοις
758 2389 931 2441 πρότερον
961 2390 1212 2441 ἐπαιρώμεῦα,
1252 2389 1353 2442 οἵπερ
1389 2391 1430 2429 δὲ
1465 2391 1526 2429 καὶ
1560 2394 1631 2429 τῶν
1661 2390 1930 2443 ἀποβαινόντων
1969 2390 2009 2428 τὸ
2038 2389 2144 2428 πλέον
2174 2389 2227 2428 ἐπ’
2261 2390 2454 2442 ἀμφότερα
2483 2395 2545 2442 τῆς

376 2455 490 2498 αἰτίας
531 2455 657 2507 ἕξομεν
686 2455 773 2502 κτὲ.,
815 2469 885 2504 quo
927 2459 1007 2495 loco
1037 2458 1264 2504 Thucydides
1304 2469 1371 2504 pro
1412 2460 1578 2504 genetivo
1619 2460 1689 2494 τῶν
1720 2456 1999 2508 ἀποβαινόντων,
2041 2469 2143 2503 quem
2174 2469 2218 2494 ex
2248 2456 2361 2498 αἰτίας
2386 2461 2545 2504 pendere

376 2524 539 2570 apertum
571 2528 638 2569 est,
670 2521 691 2559 ὅ
719 2536 751 2559 τι
781 2521 824 2559 ἂν
854 2522 1036 2574 ἀποβαίνῃ
1065 2526 1122 2560 vel
1152 2522 1273 2574 ἀποβῇ
1307 2526 1465 2560 scribere
1494 2530 1673 2570 potuerat.
1740 2527 1991 2561 Accusativum
2027 2525 2214 2560 relationis
2243 2525 2428 2561 Weiskius
2441 2524 2471 2571 6)
2508 2531 2543 2562 et

374 2590 659 2637 Behrendtius7)
687 2589 727 2626 τὸ
758 2587 854 2626 λύειν
884 2592 1059 2636 explicari
1088 2591 1225 2636 volunt,
1256 2595 1294 2628 at
1322 2591 1500 2629 eiusmodi
1520 2590 1687 2627 infinitivi
1707 2594 1861 2627 accusat.
1882 2590 1977 2635 apud
1989 2589 2232 2635 Thucydidem
2262 2594 2347 2635 post
2364 2591 2545 2628 adiectiva

376 2657 551 2702 quaedam
564 2655 605 2703 ⁸),
636 2667 708 2693 non
737 2661 821 2702 post
850 2657 961 2693 verba
989 2658 1027 2692 in
1056 2668 1121 2693 usu
1151 2661 1216 2695 est.
1273 2658 1365 2694 Nam
1395 2658 1525 2703 11,4o,
1544 2661 1560 2693 1
1601 2655 1640 2693 τὸ
1670 2654 1842 2693 πένεσθαι
1878 2657 2120 2692 accusativum
2158 2656 2292 2692 obiecti
2323 2668 2401 2693 esse
2431 2662 2543 2702 patet.

375 2723 452 2759 Nec
481 2723 596 2769 magis
626 2722 802 2759 Classenii
831 2724 1086 2769 interpretatio
1126 2724 1216 2760 mihi
1257 2724 1444 2769 probatur,
1487 2725 1549 2770 qui
1586 2721 1625 2759 τὸ
1657 2720 1753 2758 λύειν
1789 2719 2041 2768 ίει-οοιιεαῐίνιιιιι
2076 2722 2306 2768 absolutum',
2348 2728 2388 2759 ut
2430 2725 2544 2769 ipsius

575 2873 602 2915 ¹)
634 2874 699 2907 vid.
724 2884 755 2914 p.
780 2876 810 2907 6.
878 2873 904 2915 ¹)
928 2885 960 2915 p.
984 2877 1049 2908 498
1088 2876 1110 2908 l.
1135 2885 1163 2908 c.
1231 2874 1257 2917 ⁸)
1280 2886 1311 2915 p.
1340 2878 1377 2907 13
1402 2875 1424 2907 1.
1449 2885 1476 2906 e.
1531 2874 1559 2915 4)
1594 2875 1631 2904 In
1657 2883 1694 2904 eo
1719 2874 1815 2911 libro,
1851 2874 1907 2913 qui
1930 2874 2140 2905 inscribitur:
2177 2875 2437 2916 ‘Bemerkungen
2461 2876 2542 2907 iiber

374 2928 484 2968 einige
508 2929 637 2960 Punkte
661 2928 717 2960 der
739 2929 863 2969 griech.
888 2929 1132 2970 wortffigung'.
1179 2929 1207 2971 ⁶)
1232 2939 1259 2962 a.
1285 2939 1314 2960 a.
1339 2929 1376 2962 O.
1401 2930 1443 2959 ΙΙ.
1467 2930 1499 2961 S.
1525 2930 1601 2961 608.
1646 2927 1675 2970 ⁸)
1698 2939 1729 2970 p.
1755 2931 1818 2962 497
1843 2929 1864 2961 1.
1891 2938 1918 2961 o.
1966 2928 1992 2970 ⁷)
2018 2939 2050 2969 p.
2067 2931 2088 2961 8
2112 2930 2133 2961 l.
2151 2939 2179 2962 c.
2203 2929 2289 2960 idem
2314 2935 2424 2961 censet
2446 2931 2541 2961 Birk-

372 2982 491 3014 leinius
514 2994 546 3024 p.
572 2985 613 3016 52
637 2994 685 3024 sq.
710 2984 732 3015 1.
756 2994 784 3016 c.
829 2984 856 3026 ⁸)
879 2984 944 3017 vid.
967 2995 1000 3025 p.
1023 2987 1055 3017 8.

2301 3051 2341 3085 2*
