2924 3549
1430 211 1453 246 3

620 343 656 396 β)
698 356 764 390 pro
806 344 1016 391 praedicato
1063 343 1187 390 Eurip.
1220 344 1360 390 Fragm.
1403 346 1552 389 743,1:
1597 341 1636 379 τὸ
1668 341 1708 379 δὲ
1738 342 1946 392 στρατηγεῖν
1976 340 2069 379 τοῦτ’
2103 341 2176 392 ἐγὼ
2207 341 2328 393 κρίνω,
2371 343 2493 384 καλῶς
2509 340 2525 393 f

353 416 487 462 γνῶναι
517 412 593 447 κτλ.

549 478 585 525 γ)
623 478 668 513 ad
705 478 994 513 consecutionem
1030 476 1314 522 significandam,
1354 480 1394 513 ut
1435 475 1564 514 infinit.
1595 477 1820 512 accusativus
1862 476 1909 511 sit
1950 487 2016 521 pro
2055 477 2243 513 enuntiato
2282 477 2524 513 consecutivo.

351 548 383 581 A
414 545 553 581 duobus
583 544 797 588 incipiamus
827 543 916 578 locis
946 543 1175 587 Sophocleis,
1215 543 1344 587 quibus
1380 543 1470 578 locis
1500 541 1700 577 infinitivus
1731 542 1894 586 sequitur
1929 541 2185 586 affirmativus;
2226 542 2313 578 Oed.
2342 542 2385 577 R.
2420 544 2521 577 1425

353 617 388 648 et
418 612 502 647 Ant.
538 612 652 646 1106.
724 610 851 646 Priore
895 610 975 646 loco
1019 610 1191 654 legimus:
1234 640 1241 646 .
1280 639 1288 646 .
1332 638 1339 645 .
1382 605 1535 657 πάρεσθ’
1571 606 1635 644 ὅδε
1656 605 1674 657 l
1699 603 1830 656 Κρέων
1871 606 1912 643 τὸ
1948 606 2118 656 πράσσειν
2155 607 2215 644 καὶ
2251 607 2291 644 τὸ
2323 605 2522 658 βουλεύειν,

350 677 571 723 posteriore:
615 704 622 711 .
653 704 660 712 .
692 672 794 724 μόλις
824 673 886 724 μὲν
926 672 1077 724 καρδίας
1106 671 1409 725 δ’ἐὲίσταμαιβτὸ
1441 673 1540 724 δρᾶν.
1611 674 1776 719 Reliquis
1819 675 1921 718 locis,
1966 674 2095 719 quibus
2137 673 2265 712 infinit.
2296 676 2523 711 accusativus

350 754 440 786 eam,
472 753 577 786 quam
608 743 774 785 diximus,
804 742 914 777 habet
943 743 1137 785 notionem,
1170 741 1349 777 infinitivo
1380 742 1538 776 additam
1559 741 1719 776 videmus
1741 741 1980 785 negationem.
2038 741 2234 784 Reperitur
2262 743 2357 777 enim
2378 743 2524 786 negatio

351 806 416 857 μή;
446 807 577 843 Aesch.
607 808 725 844 Prom.
758 808 846 844 236.
878 808 968 843 865.
1026 807 1126 844 Pers.
1159 808 1248 844 292.
1306 808 1432 852 Agam.
1466 809 1524 844 15.
1558 807 1647 843 568.
1683 807 1797 843 1589.
1856 805 2013 851 Choeph.
2047 807 2136 844 302.
2179 807 2280 844 Eum.
2314 809 2403 843 220.
2430 809 2519 845 9-10.

350 874 526 918 Exemplo
556 877 640 909 utor
668 873 767 910 Pers.
800 874 893 908 292:
924 901 932 908 .
962 903 970 910 .
1002 903 1008 910 .
1040 870 1259 922 ὑπερβάλλει
1288 870 1356 921 γὰρ
1396 871 1463 921 ἥδε
1493 869 1678 921 συμφορὰ,
1694 869 1712 919 s
1727 870 1766 907 τὸ
1805 869 1895 920 μήτε
1935 869 2033 911 λέξαι
2070 869 2151 920 ⁴ursc’
2195 870 2376 921 ἐρωτῆσαι
2405 871 2521 921 πάθη.

350 940 523 973 Diversus
553 943 608 973 est
637 939 762 982 Eurip.
792 939 870 973 Alc.
904 940 994 981 694,
1038 949 1108 982 quo
1149 940 1231 973 loco
1272 939 1416 983 negatio
1447 936 1497 985 μὴ
1527 939 1636 973 verbo
1677 938 1908 972 antecedenti
1951 936 2206 986 διαμάχεσθαι
2242 939 2311 982 (=
2340 940 2524 982 recusare)

350 1005 515 1041 efficitur.
574 1005 641 1039 Est
671 1005 800 1039 deinde
830 1005 975 1049 negatio
1007 1002 1056 1052 μὴ
1087 1001 1128 1039 οὐ
1159 1009 1241 1048 post
1261 1005 1371 1039 verba
1401 1015 1479 1039 cum
1510 1005 1701 1048 negatione
1732 1004 1941 1039 coniuncta:
1972 1004 2102 1040 Aesch.
2124 1005 2242 1040 Prom.
2267 1006 2343 1039 786
2374 1002 2523 1048 (...οὑκ

348 1066 690 1120 ἐναντιώσομαιβτὸ
722 1067 772 1119 μὴ
802 1066 843 1105 οὐ
873 1069 1044 1118 γεγωνεῖν
1073 1069 1142 1105 πᾶν
1173 1066 1259 1106 ἅσον
1289 1065 1567 1119 προσχρῄζετε).
1610 1070 1699 1106 918.
1740 1069 1868 1115 Agam.
1903 1071 2017 1106 1171.
2075 1069 2177 1107 Eum.
2210 1071 2305 1116 914;
2336 1070 2444 1116 Soph.
2464 1071 2522 1106 Ai.

351 1140 411 1172 96.
445 1138 533 1171 728.
592 1137 678 1172 Oed.
709 1137 751 1172 R.
784 1138 874 1172 283.
910 1138 1024 1172 1232.
1059 1137 1173 1172 1388.
1221 1137 1305 1171 Ant.
1337 1139 1427 1173 443.
1459 1137 1549 1171 544.
1597 1137 1724 1172 Trach.
1758 1139 1819 1172 90.
1851 1138 1950 1179 6223
1981 1137 2106 1180 Eurip.
2137 1137 2247 1181 Hipp.
2279 1139 2341 1173 48.
2385 1138 2520 1172 Phoen.

352 1204 467 1239 1176.
524 1201 667 1246 Fragm.
703 1202 818 1246 1064,
836 1202 869 1236 2.

546 1269 667 1303 Pauca
696 1269 848 1303 dicenda
888 1272 971 1303 sunt
1008 1269 1053 1303 de
1088 1269 1219 1303 Aesch.
1249 1270 1375 1312 Agam.
1410 1271 1531 1312 1171;
1573 1269 1681 1312 Soph.
1718 1269 1775 1305 Ai.
1809 1270 1871 1304 96.
1930 1268 2017 1303 Oed.
2048 1269 2089 1303 R.
2127 1270 2241 1305 1388.
2300 1270 2385 1304 Ant.
2426 1272 2518 1312 443,

350 1334 478 1379 quihus
509 1334 597 1370 locis
628 1335 774 1379 vulgata
803 1338 856 1369 est
888 1319 1068 1378 scriptura
1097 1331 1137 1369 τὸ
1169 1331 1229 1382 μὴ.
1287 1334 1336 1369 At
1367 1338 1537 1378 quattuor
1566 1334 1622 1369 his
1653 1335 1742 1370 locis
1772 1339 1811 1369 ut
1841 1331 1881 1369 τὸ
1913 1331 1963 1382 μὴ
1993 1330 2035 1369 οὐ
2066 1335 2218 1379 legatur,
2258 1335 2518 1379 proprietatem

347 1400 522 1435 sermonis
552 1404 587 1435 ct
618 1400 811 1444 Aeschylei
842 1404 877 1434 et
907 1400 1101 1444 Sophoclei
1130 1400 1314 1443 postulare
1344 1400 1523 1436 existimo.
1581 1399 1734 1435 Confero
1755 1400 1882 1434 Trach.
1906 1401 1969 1443 90,
2000 1399 2063 1434 ubi
2083 1400 2242 1435 editores
2272 1396 2314 1434 οὐ
2344 1401 2518 1436 librorum

347 1463 387 1500 τὸ
419 1464 469 1514 ’μὴ
498 1476 520 1501 a
549 1466 734 1501 Brunckio
764 1466 927 1501 additum
958 1467 995 1500 in
1025 1470 1163 1501 textum
1193 1470 1417 1509 receperunt.
1485 1465 1612 1510 Neque
1652 1467 1833 1501 assentior
1863 1465 2071 1509 Kuehnero,
2085 1464 2113 1510 1)
2151 1466 2212 1510 qui
2249 1466 2315 1501 hos
2353 1467 2452 1502 locos
2482 1468 2517 1501 in

345 1542 492 1567 numero
522 1532 625 1575 ponit
655 1542 790 1575 eorum,
822 1532 952 1576 quibus
983 1529 1033 1579 μὴ
1068 1541 1134 1575 pro
1166 1529 1215 1579 μὴ
1246 1528 1287 1566 οὐ
1324 1541 1401 1566 esse
1441 1531 1637 1566 contendit.
1694 1532 1821 1576 Agam.
1855 1533 1969 1567 1171.
2011 1532 2080 1566 iam
2118 1532 2203 1566 olim
2233 1530 2520 1577 Blomfieldius2’)

345 1593 384 1630 τὸ
416 1594 466 1643 μὴ
497 1593 538 1630 οὐ
569 1597 680 1640 dedit,
713 1597 808 1640 quod
838 1607 860 1631 a
891 1597 1037 1640 Weilio,
1081 1597 1142 1640 qui
1172 1597 1401 1632 coniecturae
1431 1597 1537 1631 huius
1566 1601 1750 1632 auctorem
1781 1597 1904 1631 laudat
1933 1597 2214 1632 Herwerdenum
2228 1596 2267 1641 3),
2312 1598 2348 1631 in
2378 1601 2514 1632 textum

344 1662 517 1697 inscrtum
547 1663 701 1699 invenio.
759 1662 888 1698 Tribus
919 1664 1007 1699 locis
1037 1662 1250 1707 Sophocleis
1280 1663 1388 1698 etiam
1419 1662 1603 1699 Nauckius
1632 1660 1672 1698 τὸ
1704 1660 1753 1711 μὴ
1784 1658 1825 1698 οὐ
1856 1666 2053 1707 exspectat.

544 1739 582 1785 d)
611 1738 745 1777 Infinit.
775 1740 1000 1776 accusativus
1021 1739 1153 1785 pendet
1183 1750 1227 1776 ex
1257 1739 1445 1777 adiectivis
1474 1739 1520 1776 ad
1545 1740 1758 1776 relationem
1780 1739 2020 1776 indicandam.
2079 1739 2168 1776 Sunt
2184 1739 2290 1776 haec:
2321 1736 2513 1790 ἀμήχανος

345 1806 454 1850 Soph.
484 1807 570 1843 Ant.
603 1808 653 1841 78
682 1807 706 1851 (.
737 1836 743 1843 .
774 1805 813 1841 τὸ
844 1835 851 1842 .
883 1836 890 1843 .
922 1805 1009 1856 δρᾶν
1039 1802 1127 1856 ἔφυν
1159 1804 1365 1855 ἀμήχανος)
1394 1804 1533 1855 ἑτοῖμος
1563 1807 1618 1843 El.
1654 1809 1776 1851 1079;
1814 1803 1889 1845 ἰ’σος
1918 1807 2042 1851 Eurip.
2074 1807 2209 1842 Hecub.
2242 1809 2342 1851 5363
2373 1805 2513 1856 μακρός

344 1871 453 1915 Soph.
483 1872 539 1909 El.
574 1872 737 1917 103021).

542 1949 577 1994 e)
606 1949 740 1987 Infinit.
770 1950 996 1986 accusativus
1027 1954 1081 1986 est
1103 1950 1140 1986 in
1161 1950 1422 1986 exclamatione
1443 1949 1550 1995 Soph.
1565 1949 1657 1985 Phil.
1673 1950 1767 1986 234:
1799 1948 1935 1998 ...φεῦ
1956 1946 1996 1985 τὸ
2018 1946 2078 1985 καὶ
2099 1946 2221 1998 λαβεῖν
2234 1945 2251 1998 s
2263 1945 2510 1999 πρόσφθεγμα

342 2011 472 2049 τοιοῦδ’
508 2012 639 2064 ἀνδρὸς
667 2013 703 2050 ἐν
735 2012 858 2065 χρόνῳ
890 2016 1032 2065 μακρῷ.
1092 2016 1217 2061 Eurip.
1249 2017 1326 2052 Alc.
1356 2017 1447 2052 832.
1489 2013 1585 2052 Med.
1621 2017 1733 2052 1052.
1776 2016 1917 2060 Fragm.
1950 2017 2091 2059 439,1.
2125 2016 2215 2060 739,
2234 2018 2265 2050 1.
2300 2017 2414 2060 1034,
2435 2019 2465 2051 1.

1130 2146 1202 2187 IV.
1233 2146 1471 2187 Genetivus
1500 2145 1719 2186 infinitivi.

536 2235 573 2281 a)
601 2235 734 2274 Infinit.
765 2236 950 2282 genetivus
980 2240 1034 2273 est
1063 2247 1130 2282 pro
1160 2235 1434 2282 appositione.⁵)

537 2313 574 2358 b)
604 2312 736 2349 Infinit.
766 2315 952 2359 genetivus
982 2314 1138 2350 adicitur
1176 2315 1410 2350 substantivis
1441 2314 1575 2358 eisque,
1616 2323 1707 2357 quae
1746 2313 1791 2348 ad
1821 2314 1890 2347 vim
1932 2312 2164 2357 supplendam
2194 2317 2299 2357 egent
2329 2315 2507 2357 genetivo,

338 2376 463 2413 Habeo
483 2379 587 2413 haec:
619 2376 803 2428 ἀδυναμία
822 2380 899 2424 (τοῦ
920 2377 1050 2427 λέγειν)
1087 2381 1237 2424 Antiph.
1262 2382 1297 2424 5,
1316 2382 1358 2424 23
1389 2378 1533 2429 ἀπειρία
1553 2380 1677 2424 Eurip.
1701 2376 1843 2424 Fragm.
1864 2380 1957 2422 816,
1978 2381 2043 2423 10;
2074 2375 2222 2426 δύναμις
2242 2379 2394 2423 Antiph.
2410 2382 2446 2424 5,
2467 2384 2506 2424 13

338 2436 419 2489 ἔρος
448 2442 575 2488 Eurip.
607 2445 723 2490 Iphig.
753 2445 858 2481 Taur.
893 2447 1013 2490 1172,
1042 2442 1134 2485 ἴασις
1162 2446 1313 2491 Antiph.
1345 2448 1465 2491 5,94;
1497 2442 1629 2494 μελέτη
1662 2445 1769 2489 Soph.
1799 2445 1890 2482 Phil.
1926 2446 2017 2488 197;
2049 2444 2196 2492 σημεῖον
2227 2445 2336 2481 Anth.
2370 2447 2391 2481 2
2414 2457 2435 2493 γ
2463 2448 2507 2491 8;

338 2503 440 2547 τέλος
469 2508 578 2554 Soph.
610 2510 696 2564 Oed.
727 2511 802 2548 Col.
837 2510 991 2557 1531⁶);
1022 2509 1216 2561 φάρμακον
1246 2512 1312 2548 1011
1347 2514 1468 2556 1,10;
1500 2509 1614 2561 φόβος
1645 2511 1769 2555 Eurip.
1801 2511 1866 2546 Ion
1900 2511 2020 2554 1300;
2051 2507 2129 2558 ὥρα
2154 2510 2263 2555 Soph.
2283 2511 2411 2547 Trach.
2443 2514 2505 2548 57.

535 2587 569 2631 c)
598 2587 732 2624 Infinit.
764 2589 950 2632 genetivus
980 2592 1034 2624 est
1064 2600 1258 2633 suspensus
1287 2590 1332 2624 ab
1362 2590 1562 2633 adiectivis,
1603 2600 1693 2633 quae
1723 2593 1803 2624 sunt
1834 2588 1991 2624 eiusdem
2020 2589 2163 2633 generis
2192 2599 2235 2624 ac
2265 2589 2503 2634 substant-iva,

338 2660 428 2693 quae
459 2660 568 2695 supra
598 2653 765 2690 diximus.
825 2655 1069 2699 Reperiuntur
1098 2655 1205 2691 haec:
1237 2651 1382 2704 ἄπειρος
1411 2655 1561 2699 Antiph.
1585 2657 1619 2698 5,
1638 2657 1681 2698 33
1712 2650 1879 2703 ἄφροντις
1898 2653 2023 2698 Eurip.
2044 2653 2187 2699 Fragm.
2211 2655 2307 2699 9583
2337 2650 2504 2704 ἔμπειρος

334 2715 484 2760 Antiph.
518 2717 553 2762 5,
572 2720 611 2763 73
641 2717 835 2769 προμηθής
863 2720 940 2766 (τοῦ
970 2718 1092 2756 θανεῖν
1122 2721 1197 2770 πρ.)
1226 2721 1335 2766 Soph.
1366 2722 1421 2758 El.
1456 2720 1601 2766 1078.⁶)

531 2867 556 2909 ¹)
592 2871 760 2904 Ausffihrl.
795 2873 850 2904 Gr.
886 2872 942 2903 der
971 2873 1094 2912 griech.
1130 2874 1200 2913 Spr.
1232 2872 1287 2912 11²,
1322 2875 1386 2905 770
1400 2883 1430 2903 n.
1490 2871 1514 2912 ²)
1551 2873 1667 2904 Aesch-
1692 2873 1788 2911 Trag-
1822 2881 1885 2904 reo.
1923 2873 1963 2902 G·
1988 2873 2194 2904 Hel-mannus
2235 2876 2329 2906 ¹852·
2366 2876 2497 2911 11,463.

331 2919 357 2957 ³)
382 2921 499 2953 AesCh·
524 2923 621 2963 Trag.
646 2934 715 2957 rec.¹
735 2926 775 2958 H.
803 2927 888 2956 Weil
915 2928 1009 2958 1884.
1034 2937 1066 2967 p.
1091 2928 1143 2959 IL.
1192 2927 1217 2968 ⁴)
1254 2927 1392 2959 Ellendt.
1428 2932 1459 2957 et
1481 2927 1629 2959 Dindorf.
1665 2927 1701 2958 τὸ
1732 2931 1833 2971 κρῖναι
1870 2927 1985 2959 infinit.
2020 2929 2265 2968 epexegeticum
2290 2930 2492 2970 intellegunt.

331 2976 357 3016 5)
381 2975 445 3007 vid.
472 2987 502 3016 p.
529 2979 557 3008 2.
604 2977 631 3019 ⁶)
656 2981 747 3015 omis,
766 2981 906 3012 Ellendt.
931 2989 962 3011 et
986 2982 1132 3014 Dindorf.

2263 3050 2299 3082 1*
