2898 3607
1433 237 1456 274 6

548 369 585 413 a)
615 370 856 404 nominativus
888 370 996 413 1‚32‚
1015 373 1056 404 3:
1100 367 1159 404 καὶ
1196 366 1427 418 περιέστηκεν
1466 368 1488 418 ᾖ
1531 368 1691 405 δοκοῦσα
1722 368 1824 417 ἡμῶν
1856 366 2029 418 πρότερον
2066 369 2298 420 σωφροσύνη,
2339 371 2378 408 τὸ
2410 372 2459 422 μὴ
2490 371 2526 409 ἐν

350 433 527 484 ἀλλοτριά
567 433 757 485 ξυμμαχίᾳ
798 438 842 484 τῇ
883 436 945 471 τοῦ
984 432 1097 476 πέλας
1138 435 1268 486 γνώμῃ
1307 433 1606 485 Ευγκινῦυνεύειν,
1650 437 1709 472 νῦν
1751 434 1906 486 ἀβουλία
1945 434 2005 472 καὶ
2043 434 2215 473 ἀσθένεια
2253 437 2452 490 φαινομένη
2491 445 2527 477 et

350 502 436 537 ibid.
469 505 532 545 41,
550 504 584 537 2.

547 569 585 613 b)
614 570 840 604 accusativus
872 570 1077 613 V1‚80,1:
1121 568 1182 605 καὶ
1212 569 1262 618 μὴ
1304 568 1442 619 ἐκείνην
1483 569 1545 618 τὴν
1586 568 1813 618 προμήθειαν
1851 568 1969 605 δοκεῖν
2013 582 2063 619 τῳ
2106 569 2188 618 ἡμῖν
2232 569 2295 619 μὲν
2326 568 2406 621 ἰ’σην
2437 570 2528 609 εἶναι

352 632 433 682 ὑμῖν
465 632 505 669 δὲ
535 632 699 683 ἀσφαλῆ,
740 633 779 670 τὸ
812 632 1024 685 μηδετέροις
1054 634 1099 684 δὴ
1130 635 1179 675 ὡς
1209 634 1269 672 καὶ
1300 634 1517 686 ἀμφοτέρων
1549 632 1652 675 ὄντας
1681 633 1895 684 ξυμμάχους
1925 633 2086 685 βοηθεῖν.
2146 638 2207 681 IV,
2229 639 2290 681 73,
2308 640 2341 673 2.
2390 639 2485 683 V,9,
2504 642 2525 675 6

346 700 442 745 (ter).
502 701 584 745 VII,
602 703 665 745 28,
683 703 718 737 3.

548 768 684 811 V,9,6
717 769 861 803 codices
892 769 1067 812 praebent
1097 769 1200 803 haec:
1243 767 1303 803 καὶ
1333 766 1502 816 νομίσατε
1544 765 1632 803 εἶναι
1673 768 1735 803 τοῦ
1773 767 1895 807 καλῶς
1933 767 2103 817 πολεμεῖν
2142 767 2182 804 τὸ
2225 767 2364 804 ἐθέλειν
2395 768 2457 805 καὶ
2485 769 2525 805 τὸ

351 830 594 881 αἰσχύνεσθαι
624 831 685 869 καὶ
713 834 785 874 τοῖς
815 831 971 883 ἄρχουσι
1000 832 1206 871 πείθεσθαι.
1267 835 1477 879 Complures
1507 836 1575 870 viri
1607 835 1704 870 docti
1726 835 1919 870 haeserunt
1950 835 1986 869 in
2008 836 2162 872 articulo
2192 833 2244 879 τὸ,
2278 837 2338 880 qui
2369 840 2527 872 estante

352 899 482 935 inlinit.
515 896 769 949 αἰσχύνεσθαι,
812 902 908 946 quod
946 905 1137 945 utrumque
1176 901 1391 936 infinitivum
1429 905 1464 936 et
1505 897 1744 949 αἰσχύνεσθαι
1783 905 1816 936 et
1847 898 2041 936 πείθεσθαι
2071 902 2227 945 pendere
2258 902 2452 938 censebant
2483 913 2526 937 ex

350 962 504 1009 ἐθέλειν,
535 968 669 1011 quippe
699 968 795 1011 quod
825 968 990 1003 absolute
1019 968 1105 1011 poni
1137 978 1207 1002 non
1237 971 1369 1011 posset.
1434 967 1578 1002 Delevit
1617 968 1729 1011 igitur
1765 968 1955 1003 articulum
1986 967 2195 1013 Reiskius1)
2235 979 2385 1013 eumque
2414 969 2527 1004 secuti

350 1032 550 1075 Bekkerus,
583 1033 721 1076 Poppo,
754 1033 1058 1077 Forssmannus2).
1117 1033 1186 1067 Sed
1218 1043 1431 1076 quamquam
1462 1033 1558 1076 apud
1588 1032 1873 1076 Thucydidem³)
1904 1034 2038 1067 nullum
2070 1034 2190 1068 inveni
2217 1035 2344 1077 locuni,
2377 1035 2437 1078 qui
2466 1035 2527 1069 ab·

350 1098 505 1133 solutum
536 1098 635 1133 verbi
667 1094 806 1133 ἐθέλειν
837 1098 1024 1134 confirmat
1053 1109 1168 1142 usum,
1200 1102 1297 1134 recte
1328 1102 1446 1133 tamen
1478 1097 1604 1133 fecisse
1624 1101 1711 1142 puto
1736 1097 1969 1143 Classenium,
2001 1098 2097 1143 quod
2119 1098 2281 1134 codicum
2312 1100 2526 1144 scripturam

351 1174 422 1198 non
453 1165 566 1198 solum
598 1165 760 1207 retinuit,
805 1165 867 1199 sed
906 1166 1014 1199 etiam
1050 1165 1160 1200 tertio
1197 1164 1376 1200 infinitivo
1406 1165 1610 1207 articulum,
1654 1164 1714 1208 qui
1754 1168 1837 1198 ante
1868 1164 2042 1199 vocabula
2070 1164 2142 1203 τοῖς
2171 1161 2326 1213 ἄρχουσι
2356 1165 2528 1201 facillime

351 1230 518 1265 excidere
548 1231 679 1274 potuit,
712 1231 857 1273 adiecit,
890 1231 926 1265 id
957 1232 1052 1275 quod
1082 1232 1153 1266 iam
1183 1232 1268 1266 olim
1298 1231 1505 1275 Kruegerus
1536 1234 1708 1265 suaserat.
1772 1230 1944 1265 Brasidas
1980 1231 2074 1265 enim
2114 1231 2246 1266 milites
2276 1232 2453 1266 allocutus
2483 1233 2528 1266 ad

350 1296 490 1332 animos
520 1296 793 1333 inflammandos
823 1297 1000 1341 ostendit,
1038 1297 1168 1341 quibus
1204 1297 1398 1333 virtutibus
1435 1297 1601 1332 instructi
1643 1307 1816 1340 prospere
1855 1297 1926 1332 sint
1968 1298 2181 1342 pugnaturi,
2223 1308 2310 1342 quas
2342 1302 2529 1333 enumerat

352 1366 447 1397 tres:
478 1360 518 1397 τὸ
550 1359 703 1406 ἐθέλειν,
734 1361 774 1398 τὸ
806 1359 1092 1412 ἀισχύνεσθαύ),
1122 1361 1162 1399 τὸ
1192 1363 1263 1403 τοῖς
1293 1363 1449 1412 ἄρχουσι
1478 1359 1684 1405 πείθεσθαι,
1716 1373 1807 1407 quae
1836 1362 1947 1398 verba
1975 1363 2096 1408 patrio
2127 1373 2294 1400 sermone
2324 1364 2376 1400 ita
2405 1367 2526 1400 verto:

352 1430 702 1473 Entsehlossenheit,
734 1430 947 1474 Ehrgefuhl,
981 1430 1179 1465 Gehorsam
1209 1441 1323 1475 gegen
1353 1430 1410 1465 die
1441 1430 1590 1466 Fabi-er.
1630 1450 1678 1454 —-
1718 1430 1868 1464 Praeter
1897 1429 1988 1464 hanc
2019 1430 2263 1465 coniecturam
2293 1441 2314 1465 a
2344 1431 2528 1467 Classenio

353 1497 579 1540 propositam
610 1496 771 1532 Stahlius
802 1501 884 1540 post
914 1493 1083 1544 νομίσατε
1113 1497 1270 1532 Stobaeo
1285 1495 1314 1541 5)
1342 1497 1441 1531 nisus
1470 1493 1561 1544 τρία,
1602 1496 1696 1540 quod
1727 1496 1836 1531 etiam
1866 1495 2060 1531 scholiasta
2089 1496 2232 1531 videtur
2262 1497 2410 1541 legisse,
2448 1508 2527 1532 cum

352 1562 468 1597 dicat:
499 1559 540 1597 ἐκ
570 1562 675 1610 τριῶν
705 1559 862 1609 γίγνεται
892 1559 931 1597 τὸ
962 1560 1085 1601 καλῶς
1114 1560 1299 1611 πολεμεῖν,
1331 1562 1368 1597 in
1398 1565 1500 1597 textu
1530 1562 1663 1606 posuit,
1704 1571 1774 1606 qua
1810 1562 1846 1596 in
1876 1572 1914 1597 re
1945 1571 2024 1597 eum
2055 1564 2197 1597 secutus
2228 1565 2280 1597 est
2312 1562 2526 1600 Classenius.

353 1628 419 1662 Est
450 1638 534 1662 vero
565 1628 785 1671 Thucydidis
822 1629 857 1661 in
897 1629 974 1661 eius
1014 1629 1110 1663 modi
1147 1628 1416 1662 enumeratione
1454 1629 1566 1670 ipsius
1610 1628 1749 1662 numeri
1785 1638 2009 1671 praeponere
2050 1628 2233 1664 indicium.
2296 1629 2471 1663 Laudatis
2506 1640 2528 1663 a

353 1694 493 1729 Stahlio
525 1694 699 1737 exemplis
737 1694 765 1737 Ι,
785 1695 847 1736 33,
866 1695 900 1728 3.
943 1695 1004 1737 74,
1027 1696 1058 1729 l.
1099 1695 1239 1736 122‚4.
1276 1694 1425 1736 111‚40‚
1446 1696 1476 1728 1.
1512 1694 1574 1736 IV,
1593 1695 1703 1737 64,5.
1734 1694 1827 1729 addo
1865 1694 2025 1737 1,36‚4.
2063 1693 2262 1737 111‚66‚2.
2319 1694 2525 1739 Legendum

351 1764 406 1794 est
436 1759 548 1804 igitur
577 1759 620 1802 V,
638 1760 673 1802 9,
691 1760 730 1794 6:
761 1756 822 1793 καὶ
851 1756 1021 1807 νομίσατε
1050 1756 1129 1807 τρία
1160 1755 1249 1793 εἶναι
1279 1758 1341 1794 τοῦ
1372 1758 1495 1798 καλῶς
1523 1758 1707 1807 πολεμεῖν,
1738 1757 1778 1794 τὸ
1801 1756 1939 1794 ἐθέλειν
1970 1756 2030 1794 καὶ
2060 1756 2099 1794 τὸ
2132 1756 2366 1808 αἰσχύνεςθαι
2396 1757 2456 1794 καὶ
2485 1758 2525 1794 τὸ

350 1825 420 1864 τοῖς
450 1822 605 1873 ἄρχουσι
622 1821 877 1871 νπείθεσθαιέῑ)

549 1891 671 1927 Pauca
712 1892 828 1926 dicam
872 1891 915 1927 de
954 1892 1170 1935 V11‚28,3‚
1214 1892 1315 1927 cuius
1356 1892 1428 1928 loci
1459 1892 1601 1927 initium
1643 1892 1695 1927 ita
1733 1903 1811 1927 eum
1846 1890 2007 1936 Hudi0⁷)
2044 1892 2139 1936 lego:
2178 1889 2333 1939 μάλιστα
2363 1887 2529 1931 ὃάὐτοὺς

350 1955 489 1999 ἐπίεζεν
520 1954 573 1993 ὅτι
604 1953 669 1993 δύο
699 1953 883 2006 πολέμους
913 1953 990 2006 ἅμα
1021 1953 1135 2007 εἶχον,
1167 1955 1228 1993 καὶ
1258 1955 1295 1997 ἐς
1315 1955 1513 2007 φιλονικίαν
1534 1954 1757 1993 καθίστασαν
1778 1953 1945 2006 τοιαύτην
1966 1954 2008 2005 ἣν
2028 1954 2107 2006 πρὶν
2138 1953 2307 2006 γενέσθαι
2337 1954 2527 2007 ἠπίστησεν

350 2022 393 2060 ἄν
423 2037 472 2064 τις
504 2021 677 2067 ἀκούσας,
720 2022 761 2059 τὸ
802 2022 870 2073 γὰρ
902 2021 1032 2064 αὐτοὺς
1060 2022 1390 2073 πολιορκουμένους
1419 2022 1654 2074 ἐπιτειχισμῷ
1685 2022 1752 2059 ὑπὸ
1785 2020 2084 2072 Πελοποννησίων
2125 2020 2210 2072 μηδ’
2253 2022 2301 2063 ὣς
2331 2022 2528 2073 ἀποστῆναι

350 2090 391 2127 ἐκ
423 2089 603 2133 Σικελίας,
635 2089 731 2126 ἀλλὰ
761 2089 838 2126 ἐκεῖ
865 2088 1103 2139 Συρακούσας
1133 2092 1185 2139 τῷ
1215 2088 1315 2139 αὐτῷ
1344 2088 1468 2139 τρόπῳ
1500 2089 1791 2139 αντιπολιορκεῖν,
1815 2117 1824 2125 .
1843 2116 1917 2131 ...,
1949 2088 2008 2125 καὶ
2038 2088 2098 2125 τὸν
2127 2089 2336 2139 παράλογον
2361 2091 2527 2126 τοσοῦτον

349 2159 497 2206 ποιῆσαι
527 2157 599 2196 τοῖς
624 2152 781 2205 ’Έλλησι
810 2158 872 2205 τῆς
902 2155 1095 2205 δυνάμεως
1124 2155 1185 2192 καὶ
1214 2154 1352 2205 τόλμης
1383 2183 1391 2192 .
1424 2183 1433 2192 .
1467 2184 1476 2191 .
1509 2184 1517 2192 .
1550 2157 1753 2192 Infinitivos
1783 2155 1822 2192 τὸ
1855 2183 1863 2191 .
1896 2183 1905 2191 .
1940 2183 1948 2191 .
1994 2154 2191 2204 ἀποστῆναι
2219 2154 2528 2204 (ἀντιπολιορκεῖν)

350 2229 385 2260 et
416 2225 563 2272 ποιῆσαι
593 2224 656 2259 alii
698 2223 806 2259 aliter
836 2224 1030 2268 explicant.
1100 2224 1193 2259 Mihi
1236 2224 1379 2269 quidem
1421 2224 1496 2259 veri
1528 2224 1747 2259 simillimum
1784 2223 1926 2258 videtur
1961 2223 2101 2258 Stahlio
2115 2221 2145 2268 8)
2185 2226 2331 2258 auctore
2373 2233 2433 2259 eos
2474 2223 2527 2259 ita

350 2292 532 2336 intellegi,
576 2295 613 2326 ut
645 2291 843 2326 accusativi
882 2287 936 2338 ἣν,
982 2291 1042 2335 qui
1081 2291 1126 2326 ad
1167 2291 1387 2335 praecedens
1423 2294 1563 2335 spectat
1603 2287 1815 2339 φιλονικίαν,
1857 2290 2098 2334 appositionis
2128 2289 2292 2333 partibus
2322 2288 2525 2335 fungantur.

351 2358 454 2402 Quod
485 2357 665 2393 infinitivo
697 2355 975 2405 ἀντιπολιορκεῖν
1017 2358 1190 2392 articulus
1232 2368 1304 2393 non
1345 2361 1399 2392 est
1439 2357 1613 2400 adiectus,
1657 2357 1694 2392 id
1731 2357 1824 2400 quod
1854 2360 1936 2400 post
1966 2356 2179 2400 particulam
2211 2352 2307 2390 ἀλλοί
2335 2355 2410 2391 fere
2440 2355 2524 2400 fit⁰)‚

350 2435 422 2460 non
453 2424 612 2460 offendit.
683 2424 810 2467 Neque
852 2426 973 2468 agitur
1012 2423 1056 2459 de
1092 2423 1322 2467 oppositione
1360 2424 1632 2467 sententiarum,
1676 2423 1797 2467 potius
1836 2422 1884 2466 id,
1929 2422 2025 2467 quod
2055 2422 2092 2456 in
2122 2422 2244 2466 priore
2274 2422 2522 2456 enuntiatione

350 2492 470 2526 verbis
500 2489 540 2525 τὸ
571 2489 639 2539 γὰρ
671 2487 802 2529 αὐτοὺς
833 2516 841 2524 .
875 2516 883 2524 .
917 2516 926 2524 .
959 2487 1044 2538 μηδ’
1082 2489 1131 2528 ὡς
1161 2488 1358 2537 ἀποστῆναι
1389 2487 1429 2524 ἐκ
1461 2486 1629 2528 Σικελίας
1664 2491 1829 2533 negative
1860 2490 1993 2524 dietum
2025 2493 2090 2529 est,
2131 2489 2167 2523 in
2198 2488 2400 2531 posteriore
2431 2484 2525 2522 ἀλλὰ

474 2554 483 2564 r

350 2569 382 2593 κ.
411 2569 439 2593 τ.
471 2570 498 2594 ε.
529 2556 745 2593 affirmative
776 2556 962 2592 definitum
994 2556 1163 2592 videmus.

552 2687 576 2729 ¹)
601 2687 826 2719 Animadvers.
854 2687 893 2716 ad
918 2687 1033 2718 Graec.
1059 2692 1142 2718 auct.
1169 2687 1225 2723 111,
1250 2697 1280 2726 p.
1307 2688 1358 2718 47.
1413 2684 1439 2727 ²)
1463 2696 1494 2725 p.
1523 2687 1562 2715 19
1587 2685 1608 2717 l.
1634 2694 1661 2716 e.
1714 2683 1740 2725 8)
1765 2695 1838 2714 nam
1863 2685 1902 2721 V,
1917 2686 2018 2720 28‚3:
2052 2684 2080 2715 οἱ
2106 2684 2163 2725 μὲν
2188 2682 2243 2714 οὖν
2261 2680 2393 2724 Ἀργεῖοι
2420 2681 2523 2718 οὕτως

352 2745 383 2778 ἐς
407 2744 466 2785 τὴν
494 2742 674 2785 ξυμμαχίαν
699 2743 929 2786 προσεδέχοντο
954 2743 1028 2778 τοὺς
1054 2743 1223 2777 ἐθέλοντας
1246 2746 1312 2774 τῶν
1330 2740 1494 2784 Ἑλλήνων
1528 2751 1601 2771 cum
1625 2740 1792 2780 Kruegero
1817 2739 2012 2770 audiendum
2037 2740 2097 2769 erit
2121 2742 2331 2782 προσχωρεῖν.
2386 2737 2413 2778 ⁴)
2438 2739 2522 2771 conf.

351 2799 375 2837 1,
390 2800 444 2834 8-1,
459 2801 490 2836 3,
515 2798 571 2827 ubi
596 2798 698 2828 Thue.
724 2797 955 2826 Archidamum
979 2798 1059 2827 haee
1084 2797 1245 2826 dicentem
1270 2797 1366 2826 facit:
1392 2796 1561 2837 πολεμικοὶ
1585 2822 1591 2829 .
1618 2818 1625 2825 .
1652 2821 1658 2827 .
1684 2795 1863 2837 γιγνόμεθα,
1891 2819 1898 2826 .
1925 2820 1931 2826 .
1960 2794 2007 2826 ὅτι
2030 2794 2125 2828 αἰδὼς
2150 2792 2356 2835 σωφροσΰνης
2380 2793 2523 2825 πλεῖστον

352 2855 487 2896 μετέχει,
515 2852 666 2895 αἰσχΰνης
691 2853 724 2884 δὲ
747 2852 894 2895 εὐψυχία.
942 2852 969 2893 ⁵)
995 2853 1150 2892 Florileg.
1178 2855 1287 2889 s›l,3s›
1312 2851 1477 2882 Gaisford.
1524 2850 1552 2889 ⁶)
1578 2852 1632 2881 Sic
1657 2851 1752 2880 etiam
1776 2849 1992 2880 Behrendtins
2017 2860 2047 2889 p.
2076 2851 2115 2880 13
2140 2849 2161 2880 l.
2187 2857 2214 2879 e.
2263 2846 2287 2889 ⁷)
2311 2848 2412 2880 Thuc.
2437 2849 2522 2881 Hist.

351 2910 428 2939 libri
453 2908 622 2939 VI—-Vlll
648 2908 687 2938 ad
713 2909 851 2948 optimos
876 2908 1006 2939 codices
1031 2907 1135 2938 denuo
1161 2908 1298 2938 collatos
1323 2917 1386 2940 rec.
1419 2908 1453 2940 C.
1478 2906 1582 2938 Hudc.
1614 2906 1761 2936 Hauniae
1789 2907 1883 2938 1890.
1930 2905 1957 2946 ⁸)
1981 2906 2040 2949 γὰρ
2066 2904 2180 2938 αὖτοὺς
2205 2908 2304 2933 mutat
2321 2903 2364 2935 St.
2391 2904 2425 2933 in
2449 2904 2515 2946 παρ’

352 2964 465 2999 αὺτοῖς,
493 2974 566 2994 cum
590 2964 751 3003 particula
775 2966 833 3007 γάρ
859 2965 891 2993 in
916 2964 1121 3003 appositione
1146 2964 1222 2993 ferri
1258 2973 1323 2993 non
1358 2964 1472 3002 possit.
1521 2963 1649 3001 Kriiger
1679 2962 1809 2993 Griech.
1843 2961 2015 3001 Sprachl.⁵·
2041 2960 2060 2999 ἓ
2086 2961 2247 2998 57,1Ο,ῦ.
2306 2957 2331 2999 ⁰)
2365 2960 2449 2991 conf.
2480 2960 2522 2996 ll,

351 3022 403 3057 44,
418 3022 447 3052 3.
484 3019 664 3059 V11,81‚3.
