2871 3593
422 1062 503 1129 De
552 1060 813 1129 infinitivi
864 1079 998 1129 cum
1049 1060 1301 1131 articulo
1350 1057 1646 1130 coniuncti
1697 1078 1809 1129 usu
1858 1059 2235 1146 Thucydideo

1257 1198 1404 1242 scripsit

1017 1304 1283 1344 Reinholdus
1312 1304 1620 1344 Reinhardtus.

463 1556 529 1626 De
560 1590 730 1626 infinitivi
761 1601 839 1625 cum
869 1591 1024 1625 articulo
1055 1591 1237 1626 coniuncti
1267 1602 1333 1625 usu
1363 1590 1593 1634 Thucydideo
1624 1600 1836 1634 quamquam
1867 1600 1898 1625 a.
1928 1591 2041 1625 1886.
2073 1593 2331 1624 commentatus
2361 1593 2413 1622 est

248 1656 491 1692 Behrendtius
522 1648 631 1701 ‘Uber
661 1657 730 1692 den
760 1656 950 1692 Gebrauch
981 1657 1043 1692 des
1073 1656 1251 1692 Infinitivs
1282 1658 1346 1692 mit
1375 1657 1520 1693 Artikel
1549 1657 1606 1692 bei
1627 1656 1916 1701 Tlnucydides'1)‚
1948 1661 2067 1691 tamen
2098 1656 2220 1691 eadem
2253 1666 2290 1690 re
2321 1660 2414 1690 trac-

247 1724 358 1757 tanda
387 1723 690 1766 supersedendum
720 1724 807 1757 mihi
838 1733 914 1757 esse
945 1733 1016 1758 non
1046 1723 1181 1767 putavi,
1214 1733 1284 1759 non
1306 1726 1455 1768 propter
1485 1722 1706 1769 colligendos
1728 1724 1836 1768 locos,
1868 1733 1957 1768 quos
1987 1722 2058 1758 iam
2078 1721 2260 1758 Weiskius
2290 1722 2414 1766 paucis

249 1792 410 1833 exceptis
441 1791 477 1824 in
508 1791 818 1832 commentatione,
860 1801 950 1832 quae
980 1790 1191 1823 inscribitur
1230 1790 1306 1832 ‘der
1336 1789 1525 1823 Gebrauch
1567 1790 1629 1823 des
1666 1790 1985 1823 substantivierten
2016 1788 2194 1822 Infinitivs
2233 1790 2280 1822 im
2312 1789 2414 1823 Grie-

248 1854 467 1900 chisehen⁷2)
497 1858 643 1898 praeter
671 1855 770 1890 locos
800 1865 819 1889 e
849 1855 1012 1899 Platone,
1043 1855 1295 1899 Demosthene,
1328 1856 1408 1890 aliis
1438 1855 1677 1899 scriptoribus
1707 1856 1940 1898 depromptos
1970 1855 2094 1889 attulit
2128 1858 2162 1889 et
2194 1855 2412 1897 inlustravit,

249 1921 310 1954 sed
340 1921 478 1955 duabus
508 1921 733 1964 potissimum
765 1921 881 1955 causis
912 1924 1125 1956 commotus:
1156 1922 1282 1964 altera,
1315 1921 1421 1965 quod,
1454 1921 1513 1965 qui
1544 1924 1626 1956 ante
1655 1921 1899 1965 Thucydidem
1939 1919 2107 1955 infinitivi
2147 1931 2224 1954 cum
2256 1921 2413 1956 articulo

250 1987 429 2022 coniuncti
459 1988 654 2031 praecipue
684 1987 779 2031 apud
808 1991 934 2031 poetas
965 1988 1099 2031 lyricos
1130 1990 1165 2022 et
1195 1988 1351 2031 tragicos
1387 1986 1496 2022 suerit
1525 1998 1621 2030 usus,
1661 1988 1784 2031 paucis
1821 1988 1857 2021 in
1894 1998 2000 2022 unum
2039 1986 2196 2022 conferri
2208 1986 2237 2031 3)
2274 1997 2317 2021 ex
2348 1997 2414 2021 usu

250 2062 326 2087 esse
355 2053 442 2088 mihi
473 2054 627 2098 videtur,
671 2055 797 2098 altera,
841 2053 936 2098 quod
968 2055 1106 2099 aliquot
1147 2054 1245 2090 locos
1275 2054 1525 2098 Thucydideos
1568 2054 1613 2089 ad
1653 2053 1781 2090 infinit.
1818 2064 1897 2089 cum
1936 2055 2039 2089 artic.
2070 2055 2161 2089 coni.
2192 2055 2413 2098 pertinentes

249 2122 405 2155 tractare
435 2121 522 2155 mihi
553 2121 589 2155 in
620 2121 739 2156 animo
769 2124 833 2157 est.
904 2121 958 2156 Ac
997 2122 1095 2157 locos
1126 2121 1281 2165 quidem,
1326 2121 1454 2165 quibus
1484 2122 1580 2165 apud
1610 2121 1825 2165 Aeschylum
1856 2125 1890 2155 et
1922 2121 2135 2165 Sophoclem
2177 2120 2305 2155 infinit.
2336 2132 2414 2155 cum

250 2185 351 2220 artic.
383 2187 473 2221 coni.
504 2187 698 2234 reperitur,
729 2188 800 2222 iam
830 2187 970 2231 pridem
1001 2188 1223 2232 collegerunt
1254 2186 1295 2222 G.
1325 2186 1535 2222 Dindorfius
1565 2190 1600 2222 et
1631 2186 1834 2222 Ellendtius
1872 2186 1907 2221 in
1938 2186 2116 2222 lcxiconte
2146 2182 2348 2230 Aeschyleo
2380 2191 2412 2221 et

251 2250 462 2295 Sophocleo,
494 2257 533 2287 ut
563 2254 793 2297 simplicioris
824 2254 927 2288 huius
958 2252 1126 2287 infinitivi
1157 2253 1253 2297 apud
1283 2253 1501 2296 Aeschylum
1532 2257 1565 2287 et
1588 2253 1801 2296 Sophoclem
1831 2263 1914 2287 usus
1944 2253 2108 2296 exempla
2132 2252 2296 2287 attulisse
2326 2262 2414 2287 non-

250 2316 348 2351 nulla
378 2319 465 2353 satis
495 2318 657 2355 habeam.
715 2319 818 2363 Quod
847 2319 978 2355 attinet
1007 2318 1052 2354 ad
1082 2320 1181 2355 locos
1201 2319 1452 2364 Thucydideos
1482 2319 1628 2355 uberius
1658 2319 1878 2362 tractandos,
1910 2319 2081 2362 proposui
2111 2319 2197 2352 mihi
2228 2319 2415 2361 disputare

252 2392 323 2416 non
354 2385 468 2418 solum
499 2385 542 2420 de
572 2387 629 2429 iis,
672 2386 717 2420 ad
759 2396 847 2429 quos
889 2385 1067 2420 sanandos
1108 2385 1245 2429 aliquid
1287 2385 1457 2419 utilitatis
1499 2384 1627 2420 afferre
1669 2395 1723 2419 me
1753 2394 1858 2428 posse
1888 2395 2004 2428 spero,
2048 2383 2108 2418 sed
2139 2385 2247 2418 etiam
2278 2384 2323 2418 ad
2354 2394 2416 2419 eos

250 2448 399 2490 propius
430 2451 613 2495 accedere,
657 2462 806 2495 quorum
845 2461 930 2486 vera
965 2451 1073 2486 lectio
1103 2462 1125 2486 a
1153 2452 1241 2486 viris
1271 2451 1341 2486 iam
1383 2454 1438 2485 est
1479 2451 1648 2494 indagata
1684 2450 1934 2494 sagacissimis,
1967 2460 2057 2492 cum,
2090 2454 2125 2483 ut
2157 2449 2216 2485 Fr.
2247 2449 2418 2493 Haasii⁴)

252 2512 369 2547 verbis
410 2518 503 2559 utar,
547 2516 775 2552 vehementer
818 2516 1017 2552 delectetur
1057 2520 1093 2552 et
1134 2517 1177 2561 is,
1222 2517 1282 2561 qui
1322 2516 1510 2552 veritatem
1549 2516 1742 2559 invenerit,
1785 2519 1818 2550 et
1851 2516 1898 2558 is,
1942 2515 2001 2559 qui
2039 2514 2084 2550 ab
2120 2516 2192 2550 alio
2234 2516 2416 2550 inventam

251 2583 432 2621 agnoscat.

449 2773 474 2815 ¹)
499 2776 686 2816 Programm
710 2777 766 2807 des
792 2778 1183 2817 Sophicn-Gymnasiums
1216 2789 1255 2809 zu
1279 2779 1398 2810 Berlin.
1457 2777 1483 2818 ²)
1507 2778 1594 2807 Neue
1618 2777 1730 2809 Jahrb.
1760 2778 1831 2813 1⁴26,
1857 2779 2047 2817 494-504,
2079 2779 2264 2810 529--542.
2313 2778 2418 2809 Omisi

253 2828 514 2867 Forssmannum,
548 2833 604 2871 qui
628 2833 663 2862 in
687 2833 813 2865 dissert.
851 2833 900 2875 ‘de
931 2833 1083 2864 infinitivi
1115 2839 1295 2874 temporum
1324 2844 1386 2865 usu
1410 2832 1630 2873 Thucydideo'
1656 2833 1757 2873 (Lips.
1786 2834 1883 2872 1873)
1919 2845 1973 2873 pp.
2000 2836 2130 2866 79—83
2156 2834 2194 2864 de
2218 2836 2417 2874 temporibus

252 2889 373 2913 tantum
398 2890 474 2922 agat
496 2886 611 2918 infinit.
638 2897 711 2917 cum
735 2890 825 2918 artic.
851 2889 1027 2919 coniuncti.
1086 2887 1112 2929 ³)
1137 2889 1309 2918 Birkleinii
1333 2889 1450 2918 librum
1475 2888 1946 2928 ,Entwickelungsgeschiehtc
1976 2887 2033 2918 des
2058 2888 2342 2918 substantivicrten
2368 2889 2418 2918 In-

253 2937 392 2970 finitivs’.
429 2939 612 2981 Wiirzburg
639 2944 735 2981 1888,
768 2944 801 2973 in
826 2953 921 2983 quem
946 2944 1216 2975 commentatione
1240 2954 1311 2974 mea
1334 2944 1481 2974 confecta
1506 2942 1616 2979 incidi,
1650 2943 1689 2973 ad
1719 2943 1810 2973 locos
1834 2949 1957 2974 tantum
1990 2944 2182 2983 Euripideos
2207 2950 2237 2973 et
2262 2945 2417 2982 quosdam

253 2993 479 3033 Thucydideos
504 2997 637 3028 contuli.
686 2998 711 3039 ⁴)
736 2998 874 3030 Lucubr.
901 2998 1046 3038 Thucyd.
1072 3009 1102 3038 p.
1128 2999 1184 3030 III.

2207 3070 2214 3097 l
