2927 3551
1493 208 1543 243 14

425 340 622 377 sentientes
663 339 774 377 habet
815 339 1098 377 Herwerdenum
1139 342 1176 376 et
1204 338 1461 376 Widmannum
1473 339 1512 387 ¹),
1558 350 1710 386 quorum
1752 339 1910 377 virorum
1950 339 2010 376 hic
2050 344 2226 385 provocat
2262 340 2309 377 ad
2344 341 2450 386 1,23,
2466 341 2502 385 4,
2542 340 2604 377 ubi

425 405 624 441 scholiasta
652 405 803 441 adnotat
833 402 960 450 ιλείπει
988 403 1029 440 τὸ
1060 402 1203 442 ἕνεκεν’.
1262 406 1354 441 Item
1383 406 1487 450 VIII,
1505 408 1569 451 39,
1587 407 1608 441 3
1646 406 1684 441 in
1714 405 1837 441 codice
1874 405 2051 441 Vaticano
2091 405 2272 441 adiectum
2301 409 2357 442 est
2399 403 2518 456 χάριν,
2560 406 2604 442 de
2654 454 2668 459 ,-

425 482 496 516 quo
526 472 764 508 dubitandum
793 472 864 508 sibi
894 482 973 508 esse
1002 472 1136 507 iniuria
1165 473 1307 516 putavit
1337 472 1552 508 Classenius.
1621 473 1697 516 Qua
1737 482 1777 507 re
1819 472 1895 507 veri
1936 471 2052 507 simile
2093 470 2134 507 fit
2174 475 2299 508 nostro
2337 473 2418 509 loco
2447 469 2554 507 ἕνεκα
2583 482 2605 508 a

424 538 629 583 glossatore
658 538 832 574 insertum
863 538 900 573 in
930 541 1070 574 textum
1100 538 1252 574 venisse.

623 603 771 639 Plenius
801 603 1057 648 disputandum
1087 606 1142 640 est
1171 603 1216 639 de
1229 604 1313 647 VII,
1330 605 1393 648 21,
1410 605 1445 648 2,
1476 604 1538 640 ubi
1568 605 1736 649 leguntur
1764 603 1870 639 haec:
1899 599 2131 643 Ευνανέπειθε
2160 599 2201 638 δὲ
2230 599 2291 638 καὶ
2314 598 2606 654 ὁἝρμοκροίτης

425 666 498 719 οὐχ
527 668 654 718 ἥκιστα
683 670 747 705 τοῦ
774 670 851 710 ταῖς
879 667 983 706 ναυσὶ
1013 668 1064 718 μὴ
1094 667 1248 718 ἀθυμεῖν
1277 668 1517 719 ἐπιχειρήσειν
1546 669 1635 719 πρὸς
1663 668 1744 710 τοὺς
1772 666 1994 719 Ἀθηναίους.
2052 670 2246 714 Quaeritur
2265 670 2372 714 enim,
2404 681 2475 715 quo
2496 670 2604 707 modo

425 737 473 773 sit
502 735 800 782 interpretandus
830 737 933 773 artic.
963 736 1151 782 genetivus
1180 736 1253 773 τοῦ.
1311 736 1475 773 Finalem
1504 747 1647 773 sensum
1676 737 1714 772 in
1734 747 1777 774 eo
1798 737 1916 773 inesse
1945 747 2017 773 non
2037 746 2155 782 posse,
2186 739 2226 772 ut
2239 735 2422 773 Arnoldus
2445 735 2602 781 volebat,

425 806 571 847 praeter
599 813 693 847 eum,
725 807 897 848 quantum
929 806 1152 848 compertum
1183 803 1310 844 habeo,
1340 803 1410 838 viri
1440 803 1539 839 docti
1569 804 1810 847 consentiunt,
1841 803 2002 839 diversas
2030 806 2150 839 autem
2170 800 2396 839 difficultatis
2422 802 2604 839 tollendae

424 870 501 906 vias
530 870 687 915 ingressi
717 874 810 905 sunt.
868 870 1074 905 Articulum
1104 870 1203 905 nulla
1232 870 1513 905 commutatione
1542 869 1640 905 facta
1663 870 1716 905 ita
1734 871 1828 905 tueri
1848 870 2065 905 studuerunt
2077 869 2271 906 Boehmius
2300 872 2336 905 et
2350 868 2602 914 Classenius2),

425 938 466 971 ut
506 934 682 971 formulas
724 931 954 982 ’ἑυναίρεσθαι
993 933 1056 969 τοῦ
1097 929 1261 969 κινδύνου
1298 933 1377 978 (IV,
1398 935 1458 977 10,
1479 933 1526 978 1).
1568 933 1632 969 τοῦ
1672 930 1835 981 πολέμου
1868 933 2082 979 ·(V,28‚3)‚
2124 930 2502 984 Ευνεπιλαμβάνεσθαι
2541 933 2604 982 τῆς

427 997 667 1039 καταλύσεως
705 1001 904 1045 (VIII,26,
924 1000 971 1044 1).
1015 998 1079 1034 τοῦ
1108 995 1226 1048 φόβου
1266 999 1345 1043 (VI,
1363 1001 1425 1043 70,
1445 999 1482 1044 1)
1521 999 1728 1036 conferrent
1769 1004 1805 1035 et
1842 997 2112 1039 Ευναναπείθειν
2142 1001 2290 1036 verbum
2331 1001 2456 1037 eodem
2497 1001 2603 1037 modo

427 1078 506 1102 cum
536 1067 704 1112 genetivo
734 1066 787 1102 rei
818 1066 1047 1102 coniunctum
1078 1075 1157 1101 esse
1187 1068 1387 1101 censerent.
1453 1065 1524 1101 Sed
1565 1065 1662 1111 quod
1700 1062 2075 1116 Ευνεπιλαμβάνεσθαι
2114 1067 2281 1112 genetivo
2316 1068 2370 1103 rei
2399 1067 2601 1111 instruitur,

427 1143 498 1168 non
528 1132 684 1168 efficitur
724 1132 868 1167 adiecta
907 1131 1181 1176 praepositione
1222 1128 1309 1173 Ευν-,
1353 1131 1416 1166 sed
1457 1131 1558 1167 verbi
1600 1128 1914 1181 ἐπιλαμβάνεσθαι
1954 1131 2228 1177 significatione.
2297 1133 2388 1169 Item
2425 1133 2464 1168 in
2492 1132 2603 1168 verbo

426 1195 656 1247 Ευναίρεσθαι
684 1198 874 1243 genetivus
916 1201 971 1233 est
1011 1201 1130 1242 genet.
1159 1198 1367 1241 partitivus‚
1408 1197 1469 1241 qui
1510 1198 1546 1232 in
1587 1197 1699 1233 verbo
1729 1194 1998 1236 ξυναναπείθειν
2038 1198 2138 1233 nullo
2178 1201 2286 1242 pacto
2324 1199 2444 1234 valere
2472 1201 2604 1242 potest..

424 1263 666 1300 Mutationem
696 1262 760 1299 τοῦ
789 1262 948 1308 genetivi
987 1262 1025 1298 in
1054 1262 1298 1299 accusativum
1338 1259 1379 1298 τὸ
1419 1263 1610 1307 proposuit
1638 1263 1860 1308 Kruegerus,
1903 1263 1999 1308 quod
2039 1262 2085 1300 ob
2127 1273 2206 1299 eam
2240 1273 2384 1299 causam
2425 1263 2517 1299 nihil
2556 1263 2603 1299 ad

425 1330 543 1364 locum
573 1329 771 1364 sanandum
801 1328 918 1372 affert,
961 1328 1059 1373 quod
1086 1328 1315 1373 Thucydides
1357 1331 1440 1372 post
1481 1328 1698 1372 prohibendi
1728 1331 1867 1364 tantum
1897 1327 2047 1374 verbass)
2082 1328 2288 1365 accusativo
2317 1327 2446 1365 infinit.
2475 1328 2601 1366 utitur.

426 1395 587 1429 Stahlius
617 1406 684 1438 pro
714 1392 842 1443 ἥκιστα
871 1394 934 1428 τοῦ
964 1394 1122 1429 coniecit
1150 1389 1262 1442 ἥκιστ’
1297 1390 1427 1432 αὐτοὺς
1456 1395 1565 1438 idque
1589 1395 1786 1429 intextum
1806 1396 1945 1439 recepit
1958 1395 2080 1430 Hudio
2100 1398 2237 1439 secuto,
2268 1404 2360 1440 quae
2381 1395 2600 1438 coniectura,

426 1461 589 1506 quamvis
618 1470 784 1506 magnam
813 1460 947 1496 habeat
978 1459 1338 1505 commendationem,
1370 1459 1416 1496 ob
1446 1470 1525 1496 eam
1554 1471 1630 1496 rem
1659 1460 1860 1506 probabilis
1880 1460 1969 1496 mihi
1992 1471 2065 1497 non
2084 1460 2239 1505 videtur,
2270 1459 2365 1506 quod
2394 1470 2437 1497 ea
2455 1463 2604 1505 recepta

425 1527 537 1564 verba
565 1526 643 1567 ταῖς
671 1524 775 1563 ναυσὶ
804 1537 826 1563 a
855 1526 976 1563 verbis
1006 1522 1079 1575 οὐχ
1107 1524 1249 1575 ἥκιστα,
1280 1526 1492 1571 quibuscum
1523 1537 1629 1571 quam
1650 1527 1805 1563 maxime
1825 1536 1868 1563 ea
1887 1526 2081 1563 cohaerere
2101 1527 2360 1563 sententiarum
2379 1526 2602 1571 perpetuitas

427 1594 546 1636 docet,
578 1594 827 1637 seiunguntur.
896 1593 1021 1627 Deleri
1060 1593 1173 1636 igitur
1213 1593 1308 1626 malo
1350 1593 1474 1627 codice
1503 1593 1714 1627 Monacensi
1752 1596 1788 1627 et
1816 1593 2040 1628 Londinensi
2080 1593 2182 1627 nisus
2222 1593 2413 1626 articulum
2452 1591 2527 1634 τοῦ,
2564 1591 2602 1626 id

427 1658 524 1706 quod
553 1658 625 1696 iam
655 1657 822 1697 Dobreus
853 1661 889 1696 et
918 1657 1045 1704 Poppo
1075 1661 1277 1704 suaserunt,
1309 1669 1387 1695 cum
1418 1651 1498 1695 eum
1527 1659 1629 1696 uncis
1657 1658 1893 1697 includerent.
2577 1691 2580 1694 Α

625 1724 821 1760 Praeterea
851 1734 931 1759 cum
961 1723 1102 1760 Stahlio
1132 1723 1322 1759 delendum
1354 1723 1495 1759 videtur
1524 1721 1781 1775 ἐπιχειρήσειν,
1822 1734 1889 1770 pro
1928 1734 1998 1771 quo
2028 1723 2171 1761 codices
2200 1723 2400 1761 deteriores
2428 1722 2603 1770 praebent

425 1791 666 1840 ἐπιχειρῆσαι,
698 1792 795 1836 quod
824 1792 966 1826 Hudius
995 1791 1146 1834 recepit,
1177 1794 1329 1834 propter
1358 1801 1485 1825 causas
1514 1792 1585 1825 iam
1615 1791 1660 1825 ab
1690 1792 1754 1826 illo
1784 1792 1913 1826 allatas
1924 1790 1965 1836 4),
1997 1791 2093 1835 quod
2123 1801 2237 1835 neque
2261 1790 2461 1825 infinitivus
2490 1789 2602 1824 futuri

425 1862 509 1903 post
539 1854 692 1906 ἀθυμεῖν
722 1858 832 1893 ullam
862 1856 995 1893 habeat
1024 1857 1142 1893 locum
1172 1860 1209 1893 et
1238 1857 1462 1901 praepositio
1492 1854 1581 1905 πρὸς
1608 1856 1719 1893 verbo
1749 1854 1943 1905 ἐπιχειρεῖν
1972 1858 2117 1893 minime
2141 1861 2228 1901 apta
2248 1857 2305 1894 sit.
2362 1856 2419 1891 De
2448 1852 2602 1903 ἀθυμεῖν

425 1934 504 1960 cum
534 1923 658 1959 dativo
700 1926 737 1959 et
776 1919 866 1971 πρὸς
906 1922 1098 1958 coniuncto
1137 1920 1300 1958 Stahlius
1341 1920 1499 1958 conferri
1539 1921 1639 1958 iubet
1679 1922 1881 1966 V11‚60,4
1914 1925 1951 1958 et
1978 1922 2027 1967 II,
2042 1922 2107 1967 88,
2124 1923 2158 1958 2.
2223 1921 2367 1958 Nullius
2407 1920 2519 1966 igitur
2547 1924 2603 1956 est

426 1988 615 2032 momenti,
648 1988 745 2032 quod
774 1988 820 2023 ad
850 1988 968 2023 locum
998 1990 1161 2023 nostrum
1191 1986 1389 2022 sanandum
1430 1987 1621 2032 proposuit
1662 1986 1846 2031 Goetzius,
1886 1987 1947 2032 qui
1986 1986 2176 2032 legendum
2211 1997 2289 2022 esse
2318 1986 2520 2031 suspicatus
2548 1988 2604 2021 est

426 2054 556 2104 ἥκιστα
587 2053 638 2103 μὴ
668 2052 823 2103 ἀθυμεῖν
864 2054 928 2089 τοῦ
962 2053 1038 2093 ταῖς
1075 2051 1198 2089 ναυσὶν
1237 2051 1492 2102 ἐπιχειρήσειν,
1534 2064 1604 2098 qua
1638 2054 1848 2089 coniectura
1876 2052 2110 2090 difficultates
2149 2063 2221 2090 non
2261 2053 2343 2089 tolli
2382 2049 2449 2089 sed
2478 2052 2603 2097 augeri

425 2125 590 2166 apertum
620 2124 685 2157 est.

624 2187 664 2233 g)
691 2185 826 2223 Infinit.
856 2187 1045 2232 genetivus
1074 2186 1208 2231 pendet
1237 2197 1282 2221 ex
1312 2185 1508 2229 adverbiis,
1550 2196 1640 2230 quae
1679 2196 1757 2221 cum
1795 2186 1963 2231 genetivo
2002 2185 2170 2231 coniungi
2200 2186 2327 2222 solent.
2395 2184 2486 2220 Sunt
2515 2184 2601 2220 duo:

426 2248 606 2300 ἐγγύτατα
636 2252 704 2297 ΙΙΙ,
722 2253 785 2297 40,
803 2252 837 2289 6.
881 2246 951 2291 ἔξω
982 2251 1105 2297 V‚97.
1134 2246 1219 2297 (ἔξω
1251 2277 1260 2285 .
1293 2277 1301 2285 .
1333 2249 1395 2286 τοῦ
1426 2276 1436 2285 .
1469 2276 1479 2285 .
1511 2246 1636 2300 ἄρξαι).

1257 2359 1309 2399 V.
1338 2358 1527 2399 Dativus
1556 2358 1776 2400 infinitivi.

626 2450 663 2495 a)
690 2449 826 2485 Infinit.
855 2449 998 2485 dativus
1027 2452 1082 2485 est
1112 2459 1178 2494 pro
1208 2447 1484 2494 appositione.⁵)

626 2516 665 2561 b)
693 2514 828 2551 Infinit.
859 2515 1002 2550 dativus
1032 2518 1087 2551 est
1117 2515 1252 2550 obiecti
1282 2515 1362 2551 loco
1393 2515 1514 2558 III,3,
1534 2516 1551 2549 1
1589 2511 1638 2560 (οἱ
1677 2509 1879 2562 δἈθηναῖοι
1909 2540 1918 2549 .
1950 2541 1959 2549 .
1991 2540 2000 2549 .
2038 2511 2104 2550 οὐκ
2139 2511 2362 2563 ἀπεδέχοντο
2391 2511 2431 2549 τὸ
2461 2513 2601 2563 πρῶτον

429 2580 491 2621 τὰς
521 2579 739 2630 κατηγορίας
769 2580 890 2629 μεῖζον
922 2577 1029 2629 μέρος
1058 2577 1223 2629 νέμοντες
1251 2580 1303 2629 τῷ
1333 2578 1383 2628 μὴ
1414 2576 1612 2629 βούλεσθαι
1641 2577 1765 2628 ἀληθῆ
1795 2576 1908 2626 εἶναι).
1940 2581 2003 2624 38,
2022 2583 2055 2624 1,
2072 2582 2107 2616 2.
2587 2586 2591 2588 “

626 2646 661 2691 c)
701 2646 836 2683 Infinit.
878 2646 1021 2681 dativus
1063 2644 1244 2691 significat
1293 2646 1588 2688 instrumentum,
1639 2655 1709 2690 quo
1768 2646 1864 2682 actio
1922 2646 2046 2690 aliqua
2095 2644 2159 2690 fit,
2213 2645 2257 2689 V,
2286 2646 2348 2689 73,
2376 2645 2397 2680 5
2441 2641 2493 2695 (οἱ
2531 2641 2600 2693 γὰρ

429 2708 712 2761 Λακεδαιμόνιοι
742 2709 851 2761 μέχρι
881 2709 945 2760 μὲν
974 2711 1038 2748 τοῦ
1067 2708 1196 2761 τρέψαι
1226 2709 1393 2761 χρονίους
1421 2708 1484 2750 τὰς
1514 2708 1640 2760 μάχας
1668 2708 1729 2747 καὶ
1758 2708 1925 2762 βεβαίους
1953 2710 2006 2761 τῷ
2036 2708 2153 2760 μένειν
2182 2710 2391 2757 ποιοῦνται).
2443 2711 2472 2756 Ι,
2490 2712 2553 2755 70,
2566 2710 2600 2746 3.

427 2779 495 2824 111,
512 2779 625 2823 82,6.
667 2778 839 2823 1v,126,
856 2779 891 2816 2.
934 2778 1129 2823 vl,31‚3.
1170 2778 1384 2823 V11,21,4.
1415 2778 1480 2822 48,
1498 2778 1531 2815 6.

630 2918 655 2960 ¹)
679 2919 728 2949 De
752 2918 898 2949 finalium
922 2919 1161 2949 enuntiatorum
1194 2928 1256 2949 usu
1279 2917 1502 2958 Thucydideo.
1535 2916 1614 2949 diss.
1639 2917 1786 2957 Gotting.
1814 2919 1899 2950 1875
1921 2927 1953 2957 p.
1978 2919 2008 2950 9.
2064 2915 2090 2958 ²)
2123 2917 2274 2957 Sequitur
2305 2926 2379 2947 eum
2401 2912 2601 2946 Birkleinius

428 2984 459 3014 p.
486 2975 526 3006 54
551 2974 572 3006 l.
599 2983 626 3006 c.
674 2971 701 3015 ³)
725 2972 790 3005 vid.
814 2983 845 3013 p.
872 2975 902 3006 7.
948 2972 976 3014 ⁴)
1000 2973 1132 3012 Quaest.
1158 2977 1327 3013 grammat.
1352 2972 1393 3004 ad
1416 2973 1519 3005 Thuc.
1544 2972 1659 3013 pertin.
1683 2982 1716 3012 p.
1740 2973 1760 3004 8
1784 2981 1833 3012 sq.
1879 2971 1906 3013 ⁵)
1929 2971 1994 3005 vid.
2018 2982 2049 3012 p.
2075 2973 2105 3004 7.
