2951 3536
1268 208 1465 271 -Q

481 344 520 390 d)
548 344 681 382 Infinit.
712 344 854 380 dativus
883 345 1020 381 indicat
1049 356 1193 380 causam
1222 346 1271 389 11,
1288 347 1352 389 89,
1369 348 1403 380 2.
1444 346 1511 388 ΙΙΙ,
1532 348 1592 388 11,
1611 348 1643 381 1.
1676 346 1740 388 83,
1760 346 1781 378 2
1814 340 1881 392 (τῷ
1909 341 1978 392 γὰρ
2008 340 2165 379 δεδιέναι
2195 338 2235 379 τό
2265 356 2304 379 τε
2336 338 2454 379 αὐτῶν

281 409 401 451 ἐνδεὲς
438 407 500 447 καὶ
527 407 569 446 τὸ
598 409 669 446 τῶν
699 405 867 447 ἐναντίων
897 407 1037 451 Ευνετὸν
1140 409 1332 460 τολμηρῶς
1359 407 1448 460 πρὸς
1475 407 1520 447 τὰ
1549 405 1638 459 ἔργα
1667 406 1856 459 ἐχώρουν).
1896 409 1958 455 IV,
1975 410 2037 454 34,
2055 412 2087 446 1.
2121 410 2262 455 126,1.
2306 410 2348 454 V,
2368 410 2456 446 113.

282 478 365 522 VH,
382 478 446 521 60,
462 478 498 513 4.
1466 471 1472 477 ’

478 542 626 578 Plenius
654 542 713 578 hic
742 542 989 579 disserendum
1017 543 1161 579 videtur
1200 543 1245 578 de
1274 542 1323 586 ΙΙ,
1343 543 1431 586 102,
1449 544 1487 578 3:
1526 538 1566 577 τό
1603 553 1642 577 τε
1680 539 1749 590 γὰρ
1788 539 1907 590 ῥεῦμά
1941 538 2014 577 ἐστι
2050 538 2144 589 μέγα
2182 539 2243 576 καὶ
2272 539 2364 576 πολὺ
2395 539 2456 576 καὶ

282 603 451 658 θολερόν,
482 604 526 644 αἵ
547 620 586 644 τε
615 608 715 658 νῆσοι
743 606 887 654 πυκναί,
917 605 978 645 καὶ
1006 605 1182 658 ἀλλήλαις
1209 608 1274 658 τῆς
1301 606 1551 659 προσχώσεως
1592 607 1644 657 τῷ
1675 605 1725 657 μὴ
1755 604 2019 644 σκεδάννυσθαι
2048 603 2236 656 Εὑνδεσμοι
2265 604 2455 656 γίγνονται,

282 671 474 723 παραλλὰξ
513 671 575 710 καὶ
604 671 646 710 οὐ
688 672 782 710 κατὰ
822 675 965 725 στοῖχον
1007 672 1173 723 κείμεναι
1213 671 1289 710 οὐδ’
1322 670 1476 724 ἔχουσαι
1517 671 1664 713 εὐθείας
1705 671 1850 713 διόδους
1889 673 1952 708 τοῦ
1993 671 2124 712 ὕδατος
2152 672 2189 712 ἐς
2215 672 2256 709 τὸ
2285 671 2454 721 πέλαγος.

283 741 343 777 Sic
372 740 514 777 codices
544 741 712 778 Palatino
742 746 907 787 excepto,
938 743 999 787 qui
1028 752 1095 787 pro
1124 741 1176 790 τῷ
1206 739 1256 791 μὴ
1284 741 1394 778 habet
1422 738 1463 777 τὸ
1495 738 1556 790 μὴ.
1613 741 1805 786 Vulgatam
1835 740 2052 785 scripturam
2082 739 2319 776 defenderunt
2338 740 2455 776 Krue-

281 817 390 854 gerus
419 810 456 844 et
485 806 703 854 ClasseniuS,
735 818 885 854 quorum
914 809 977 845 ille
1007 806 1186 845 infinitivo
1202 808 1278 845 vult
1293 807 1447 844 indicari
1464 817 1619 852 causam,
1650 807 1710 843 hic
1739 806 1890 843 adnotat
1907 806 2013 843 haec:
2042 806 2108 856 ίτῷ
2124 804 2174 856 μὴ
2190 803 2454 843 σκεδάννυσθαι

283 873 420 908 erklart
448 873 507 908 die
536 869 724 921 Εὑνδεσμοι
752 875 801 908 1111
830 874 1059 909 Verbaltnisz
1089 885 1134 909 zu
1163 874 1228 909 der
1255 870 1464 921 πρόσχωσις
1493 874 1607 908 durch
1637 874 1695 908 die
1725 873 1874 907 nachste
1891 872 2073 916 Wirkung
2102 872 2167 907 auf
2193 873 2312 909 diese'.
2356 874 2451 916 Pop·

282 938 389 983 ponis
419 939 663 976 coniecturam
691 939 755 975 τοῦ
783 949 851 985 pro
880 939 932 989 τῷ
960 940 1204 985 repudiamus,
1234 949 1316 976 cum
1344 938 1474 975 infinit.
1504 939 1691 984 genetivus
1720 939 1820 975 nullo
1850 942 1958 983 pacto
1982 938 2110 983 possit,
2142 938 2238 984 quod
2267 939 2329 974 ille
2358 939 2453 975 vole-

282 1003 358 1049 bat,
389 1003 594 1050 significare
622 1004 797 1041 effectum.
853 1004 905 1041 Ut
933 1009 1053 1041 autem
1082 1005 1340 1049 dubitationes,
1384 1014 1475 1049 quae
1513 1004 1570 1039 his
1611 1004 1877 1048 interpretandi
1913 1004 2029 1040 modis
2067 1004 2230 1048 obstant,
2272 1005 2309 1039 in
2339 1005 2454 1040 lucem

282 1071 411 1106 melius
439 1070 629 1116 prodeant,
669 1071 719 1116 id,
756 1071 853 1116 quod
889 1071 1118 1116 Thucydides
1158 1081 1309 1107 narrare
1344 1071 1471 1115 voluit,
1514 1070 1675 1106 breviter
1704 1070 2056 1114 comprehendamus.
2125 1069 2323 1106 Ostendere
2353 1071 2386 1106 ei
2416 1072 2453 1106 in

283 1136 403 1172 animo
432 1139 499 1181 est,
530 1147 601 1181 quo
631 1137 737 1173 modo
766 1147 851 1182 pars
889 1138 1004 1173 altera
1032 1137 1256 1174 Echinadum
1297 1137 1506 1181 insularum,
1547 1146 1696 1181 quarum
1737 1137 1853 1172 altera
1893 1147 1972 1172 cum
2012 1140 2113 1172 terra
2153 1137 2352 1172 continenti
2382 1138 2453 1172 iam

283 1202 477 1245 concrevit,
509 1212 552 1237 eo
581 1205 799 1247 perventura
828 1203 886 1247 sit,
918 1207 958 1238 ut
986 1206 1024 1239 et
1052 1203 1133 1248 ipsa
1162 1213 1240 1238 cum
1270 1213 1313 1238 ea
1342 1203 1591 1247 coniungatur.
1650 1201 1758 1236 Cuius
1787 1203 1839 1237 rei
1870 1212 1978 1237 causa
1998 1202 2203 1237 continetur
2232 1206 2269 1237 et
2290 1203 2453 1238 Acheloo

285 1266 441 1310 flumine,
473 1268 569 1311 quod
597 1272 749 1312 propter
775 1269 1020 1304 vehementem
1050 1279 1174 1304 cursus
1203 1270 1377 1312 impetum
1405 1278 1569 1312 magnam
1599 1267 1670 1303 fert
1705 1269 1803 1302 humi
1838 1268 2105 1303 multitudinem
2142 1272 2176 1302 et
2208 1267 2455 1304 Echinadibus

285 1332 413 1369 insulis
441 1333 543 1378 ipsis,
575 1343 666 1378 quae
695 1337 731 1370 et
758 1330 893 1370 πυκναί
918 1337 954 1370 et
983 1331 1170 1383 παραλλὰξ
1199 1330 1261 1370 καὶ
1289 1329 1331 1369 οὐ
1361 1330 1453 1369 κατὰ
1483 1333 1625 1383 στοῖχον
1655 1330 1817 1381 κείμεναι
1847 1329 1923 1369 οὐδ’
1949 1328 2103 1383 ἔχουσαι
2133 1329 2280 1373 εὐθείας
2311 1329 2456 1373 διόδους

285 1396 349 1433 τοῦ
378 1393 508 1437 ὕδατος
536 1394 573 1437 ἐς
601 1394 641 1433 τὸ
670 1394 827 1447 πέλαγος
862 1399 954 1434 sitae
994 1402 1087 1436 sunt.
1159 1398 1237 1443 Qua
1276 1402 1429 1444 utraque
1465 1409 1573 1434 causa
1601 1398 1650 1443 id,
1694 1398 1790 1444 quod
1819 1398 2047 1443 Thucydides
2085 1398 2291 1435 describere
2326 1399 2452 1443 voluit,

285 1468 360 1499 tam
387 1464 616 1500 manifestum
645 1464 698 1509 fit,
729 1469 770 1501 ut
798 1465 888 1500 nihil
919 1466 990 1501 iam
1019 1466 1254 1502 desideretur.
1312 1465 1415 1509 Quod
1444 1466 1651 1511 Kruegerus
1681 1470 1717 1501 et
1733 1465 1939 1501 Classenius
1968 1465 2014 1501 ad
2044 1466 2260 1510 scripturam
2291 1466 2453 1502 codicum

285 1531 522 1574 plurimorum
550 1532 750 1567 attulerunt
779 1531 960 1576 tuendam,
992 1532 1039 1568 ob
1069 1542 1146 1568 eam
1175 1542 1251 1567 rem
1280 1533 1372 1567 nihil
1402 1531 1558 1576 proficit,
1591 1532 1686 1576 quod
1716 1542 1834 1575 causa,
1866 1542 1937 1576 qua
1966 1531 2134 1576 efficitur,
2165 1536 2205 1567 ut
2234 1532 2362 1568 humus
2383 1543 2454 1569 non

285 1595 323 1630 in
351 1596 464 1631 altum
492 1605 592 1632 mare
620 1596 784 1642 eiciatur,
815 1596 878 1632 sed
907 1596 953 1632 ad
982 1597 1118 1633 insulas
1147 1600 1352 1643 aggeratur,
1394 1607 1466 1633 non
1500 1597 1536 1632 in
1566 1606 1621 1642 eo,
1664 1596 1759 1641 quod
1798 1596 1925 1631 humus
1955 1595 2115 1643 dispergi
2145 1598 2282 1642 nequit,
2325 1597 2387 1632 sed
2416 1598 2453 1632 in

284 1664 364 1705 ipso
393 1664 514 1706 potius
544 1664 740 1697 insularum
771 1665 842 1697 situ
872 1665 976 1699 inest.
1034 1665 1146 1699 Recte
1176 1665 1289 1708 igitur
1317 1666 1430 1699 sensit
1459 1663 1668 1708 Reiskius1)
1697 1664 1925 1706 infinitivum,
1957 1666 1987 1698 si
2017 1676 2121 1708 quem
2151 1665 2300 1699 haberet
2321 1666 2450 1707 locum,

284 1726 375 1764 nihil
404 1727 503 1764 aliud
531 1739 637 1773 posse
666 1726 870 1774 significare
899 1729 970 1765 nisi
999 1729 1301 1774 consecutionem,
1334 1741 1440 1775 quam
1470 1729 1515 1766 ob
1546 1739 1621 1766 rem
1644 1729 1802 1765 Palatini
1820 1730 2034 1774 scripturam
2055 1732 2241 1774 praestare
2270 1729 2451 1767 censebat.

286 1792 421 1830 Contra
448 1792 542 1829 hunc
571 1796 691 1830 autem
720 1794 834 1830 virum
865 1794 1009 1831 doctum
1039 1794 1131 1831 duae
1166 1795 1392 1840 potissimum
1428 1805 1557 1832 causae
1592 1799 1769 1841 pugnant:
1811 1796 1937 1840 altera,
1980 1795 2075 1841 quod
2104 1795 2331 1841 Thucydides
2367 1800 2451 1841 post

285 1860 454 1903 negativa
482 1863 620 1894 tantum
649 1860 810 1905 verba²)‚
841 1871 911 1904 quo
941 1862 978 1895 in
1007 1871 1137 1905 genere
1175 1860 1330 1896 formula
1364 1858 1558 1908 Εὑνδεσμον
1587 1858 1773 1907 γίγνεσθαι
1808 1862 1895 1904 poni
1931 1872 2001 1895 non
2037 1865 2169 1904 potest,
2207 1863 2450 1896 accusativum

284 1924 415 1959 infinit.
444 1925 490 1960 ad
520 1926 810 1960 consecutionem
840 1925 1111 1970 significandam
1140 1926 1299 1969 adhibet,
1330 1927 1456 1969 altera,
1500 1927 1595 1970 quod
1623 1926 1772 1960 effectus
1808 1937 1852 1960 ex
1882 1927 2079 1961 insularum
2110 1928 2182 1961 situ
2212 1931 2317 1961 natus
2345 1938 2450 1962 voca-

284 1989 379 2026 bulis
408 1985 596 2039 Εὑνδεσμοι
624 1986 799 2038 γίγνονται
827 1991 898 2027 iam
928 1991 1144 2028 continetur.
1202 1991 1365 2035 Accedit,
1396 1990 1492 2035 quod
1520 1990 1697 2027 infinitivo
1726 1991 1777 2039 τῷ
1808 1989 1858 2040 μὴ
1879 1989 2143 2028 σκεδάννυσθαι
2172 1992 2240 2036 vel,
2272 1993 2300 2027 si
2322 1993 2446 2037 mavis,

284 2053 325 2091 τὸ
356 2053 407 2104 μὴ
436 2054 711 2100 σκεδάννυσθαι,
742 2058 842 2092 cuius
872 2057 1070 2093 subiectum
1105 2068 1150 2094 ex
1189 2057 1364 2093 vocabulo
1402 2055 1650 2106 προσχώσεως
1685 2058 1773 2092 satis
1807 2056 2003 2093 artificiose
2039 2058 2196 2101 auditur,
2235 2058 2345 2093 verba
2374 2054 2446 2097 ξύν-

286 2119 413 2170 δεσμοι
441 2125 478 2158 et
505 2120 766 2172 προσχώσεως,
797 2133 888 2169 quae
917 2134 1023 2168 quam
1052 2124 1207 2160 maxime
1236 2124 1332 2159 inter
1369 2134 1407 2159 se
1445 2123 1650 2168 cohaerent,
1692 2127 1765 2158 tam
1806 2123 1983 2158 violenter
2022 2123 2250 2167 divelluntur,
2292 2127 2333 2158 ut
2362 2122 2449 2159 ferri

284 2187 355 2221 iam
384 2197 456 2221 non
485 2189 611 2231 possit.
668 2188 766 2230 Quae
796 2188 1027 2223 difficultates
1056 2189 1152 2223 haud
1181 2190 1333 2232 exiguae
1361 2190 1515 2232 vestigia
1543 2189 1817 2231 interpolatoris
1853 2189 2013 2223 indicare
2042 2189 2129 2222 mibi
2158 2189 2336 2231 videntur,
2378 2200 2450 2232 qua

285 2252 329 2289 de
359 2263 467 2290 causa
495 2264 575 2290 eum
605 2252 745 2290 Stahlio
786 2252 892 2299 facio,
935 2255 1008 2300 qui,
1050 2257 1241 2300 postquam
1283 2255 1354 2291 iam
1391 2258 1499 2291 antea
1527 2254 1723 2291 Boehmius
1757 2253 1965 2290 adnotavit:
2006 2254 2080 2299 ,der
2109 2254 2238 2290 Zusatz
2268 2254 2449 2291 erscheint

285 2323 394 2356 etwas
422 2320 580 2366 mussig',
610 2319 721 2357 verba
748 2318 800 2368 τῷ
830 2317 880 2369 μὴ
909 2317 1174 2356 σκεδάννυσθαι
1208 2322 1310 2356 uncis
1340 2321 1504 2366 includit,
1544 2332 1622 2357 cum
1652 2321 1767 2356 dicat:
1809 2320 1869 2369 ιτῷ
1908 2318 1958 2369 μὴ
1988 2316 2097 2356 σκεδ.’
2142 2321 2210 2356 huc
2252 2322 2449 2366 inrepsisse

285 2385 428 2421 videtur
457 2396 501 2421 ex
530 2386 748 2421 scholiastae
776 2386 839 2434 τῆς
866 2384 1117 2435 προσχώσεως
1145 2382 1266 2430 ἕνεκα,
1297 2383 1356 2421 διὰ
1384 2386 1447 2435 τῆς
1475 2385 1735 2435 προσχώσεως,
1776 2384 1835 2421 διὰ
1869 2384 1909 2420 τὸ
1940 2383 1990 2433 μὴ
2020 2384 2283 2421 σκεδάννυσθαι
2313 2383 2449 2434 αὐτήν.’

284 2451 546 2487 Herwerdenus
575 2455 615 2487 ut
644 2451 770 2497 olim³)
798 2452 893 2488 idem
923 2454 1073 2497 censuit,
1104 2454 1155 2488 ita
1184 2454 1221 2488 in
1250 2453 1408 2489 editione
1437 2453 1564 2488 scribit
1592 2452 1666 2496 τοῦ,
1699 2453 1793 2496 quod
1823 2453 1921 2487 nullo
1952 2452 2057 2487 modo
2087 2451 2230 2488 defendi
2260 2457 2392 2496 potest.

602 2559 675 2599 VI.
704 2559 952 2600 Infinitivus
981 2560 1171 2600 articulo
1199 2560 1443 2601 instructus
1472 2560 1635 2610 pendet
1663 2570 1686 2599 e
1715 2558 2122 2610 praepositionibus.

394 2637 639 2683 Reperiuntur
667 2639 895 2675 coniunctae:

481 2704 518 2750 a)
545 2714 625 2740 cum
653 2706 878 2741 accusativo:

547 2768 587 2816 α)
617 2767 677 2806 διά
706 2770 838 2816 Ι,3,4.
870 2771 932 2815 23,
950 2772 984 2807 2.
1015 2772 1132 2816 37,2.
1165 2772 1228 2816 69,
1246 2771 1280 2809 5.
1314 2772 1376 2815 70,
1393 2772 1428 2815 4,
1446 2772 1479 2807 5.
1510 2771 1574 2813 84,
1595 2772 1626 2807 1.
1661 2770 1798 2813 141,2.
1833 2770 1972 2813 142,3.
2021 2768 2204 2815 11,11,3.
2240 2773 2299 2807 14.
2335 2773 2450 2816 37,1.

285 2834 347 2872 50.
378 2834 492 2879 51,4.
524 2836 588 2881 52,
604 2836 637 2873 3.
669 2837 733 2881 64,
750 2837 784 2872 3.
816 2836 926 2881 65,5.
956 2836 1166 2884 81,5(bis).
1197 2837 1313 2881 89,1.
1345 2837 1459 2880 91,3.
1491 2837 1553 2879 93,
1574 2838 1605 2870 1.
1662 2835 1729 2879 111,
1746 2836 1914 2879 82‚2‚5.
1956 2836 2097 2881 IV,17,
2115 2837 2149 2871 3.
2185 2838 2246 2881 18,
2263 2838 2297 2874 3.
2331 2838 2450 2881 35,1.

483 2975 508 3015 ¹)
531 2976 754 3008 Animadvers.
779 2976 819 3006 ad
842 2976 989 3015 Thucyd.
1013 2987 1045 3015 p.
1070 2978 1122 3007 24.
1169 2975 1194 3016 ¹)
1219 2976 1283 3007 vid.
1307 2987 1338 3015 p.
1364 2978 1393 3007 Τ.
1440 2975 1467 3015 ³)
1492 2975 1582 3007 stud.
1607 2976 1753 3015 Thucyd.
1782 2987 1813 3016 p.
1838 2978 1891 3009 38.
