2952 3633
1473 242 1522 278 12

401 374 521 409 verbis
551 377 643 419 utar,
675 374 838 420 intellegi
870 374 945 409 vult
975 372 1165 410 conferens
1195 374 1224 420 Ι,
1244 376 1387 421 142,3;
1426 373 1467 410 τὸ
1504 372 1545 411 δὲ
1577 375 1637 425 τῆς
1677 372 1868 424 θαλάσσης
1903 371 2141 424 ἐπιστήμονας
2169 372 2338 424 γενέσθαι
2375 373 2417 413 οὐ
2447 373 2582 428 ῥᾳδίως

402 437 522 479 αὐτοῖς
550 438 849 488 προσγενήσεται,
881 451 952 485 quo
983 441 1063 477 loco
1094 440 1224 478 infinit.
1254 439 1294 476 τὸ
1325 439 1494 489 γενέσθαι
1523 443 1645 486 potius
1675 452 1752 477 esse
1783 442 2043 477 nominativum
2073 442 2226 477 subiecti
2257 443 2486 479 manifestum
2515 448 2580 481 est.

401 507 477 543 Nec
507 510 658 552 propter
687 507 817 551 locum,
850 517 955 552 quem
984 511 1137 552 uterque
1167 511 1267 544 tenet
1296 508 1507 553 infinitivus,
1551 509 1659 545 talem
1703 509 1736 544 ei
1766 509 1950 544 notionem
1991 508 2152 544 tribuere
2190 509 2285 546 licet.
2355 510 2458 554 Quod
2488 512 2581 546 enim

401 574 508 610 initio
538 573 720 609 enuntiati
750 576 804 609 est
834 573 989 619 positus,
1019 574 1151 610 mirum
1181 585 1252 611 non
1282 575 1436 620 videtur,
1468 586 1546 611 cum
1577 579 1613 611 et
1642 575 1704 620 VI,
1724 576 1771 610 14
1802 578 1838 611 et
1868 574 1898 619 Ι,
1918 574 2007 620 142,
2025 575 2046 610 3
2078 584 2132 619 ea,
2164 585 2256 620 quae
2285 575 2476 613 infinitivis
2497 587 2581 614 con-

401 641 574 683 tinentur,
615 649 783 685 magnum
822 640 957 676 habere
987 641 1129 685 pondus
1168 645 1353 686 appareat.
1423 641 1498 677 Nec
1538 642 1651 686 magis
1681 651 1802 677 veram
1844 651 1921 676 esse
1961 644 2050 685 puto
2092 642 2307 677 sententiam
2336 641 2580 688 Matthiaeil),

402 707 463 750 qui
492 709 656 742 nostrum
686 707 804 741 locum
835 707 873 741 in
902 707 960 750 iis,
1006 707 1136 751 quibus
1177 709 1401 743 accusativus
1442 708 1571 745 infinit.
1612 719 1679 752 pro
1720 708 1886 752 genetivo
1929 711 1995 754 est,
2039 708 2205 751 collocat,
2249 718 2329 742 cum
2370 709 2447 743 eius
2484 710 2582 744 modi

402 772 568 816 exempla
598 772 694 816 apud
723 771 972 816 Thucydidem
1001 772 1233 808 inveniantur
1260 773 1409 819 nulla2).
1468 775 1594 819 Itaque
1625 774 1797 818 optimum
1826 773 1915 808 mihi
1944 773 2088 809 videtur
2115 770 2156 808 τὸ
2177 773 2214 808 in
2234 773 2297 809 τοῦ
2311 772 2351 818 ³),
2383 775 2479 818 quod
2499 777 2582 810 ante

401 847 467 873 nos
497 837 780 872 Herwerdenum
821 841 856 872 et
887 837 1046 873 Hudium
1076 838 1273 873 coniecisse
1303 839 1340 873 in
1370 839 1529 875 editione
1569 840 1674 874 huius
1717 839 1784 874 viri
1814 839 1911 875 docti
1941 839 2096 882 reperio,
2140 841 2291 882 mutare,
2323 842 2363 874 ut
2392 838 2455 874 τοῦ
2485 835 2581 874 λύειν

402 913 447 938 ex
478 899 592 937 αἰτίαν
623 897 722 951 ἔχειν
753 903 920 946 pendeat.
980 903 1068 938 Cum
1099 904 1193 938 enim
1224 901 1338 938 ἀιτίαν
1368 899 1467 953 ἔχειν
1497 908 1677 949 passivum
1708 905 1808 940 verbi
1838 901 2019 940 αἰτιᾶσθαι
2040 904 2099 948 sit,
2130 904 2167 939 id
2192 907 2312 940 autem
2333 904 2480 940 verbum
2502 915 2582 940 cum

403 970 571 1015 genetivo
601 970 655 1005 rei
685 972 931 1014 construatur,
964 970 1072 1006 etiam
1103 969 1291 1006 formulam
1323 967 1436 1006 αἰτίαν
1466 966 1565 1019 ἔχειν
1595 973 1703 1007 talem
1734 971 1936 1016 genetivum
1967 971 2153 1015 postulare
2183 971 2360 1007 existimo.
2414 970 2582 1015 Exempli

404 1045 514 1069 causa
542 1036 690 1069 afferam
720 1038 803 1077 post
832 1034 1005 1069 formulas
1034 1032 1165 1068 ἐλπίδα
1195 1032 1298 1077 εἶναι,
1329 1033 1459 1069 ἐλπίδα
1488 1032 1634 1084 ἔχειν4),
1666 1036 1814 1084 γνώμην
1845 1033 1985 1081 εἷναι5),
2016 1048 2069 1083 γν.
2100 1032 2247 1085 ἔχεινθ),
2286 1032 2340 1083 γν.
2370 1034 2585 1081 ποιεῖσθαιῚ)

403 1102 500 1146 apud
530 1101 774 1145 Thucydidem
805 1101 906 1145 sequi
936 1101 1069 1136 nudum
1099 1100 1327 1145 infinitivum,
1359 1113 1431 1137 non
1462 1102 1590 1138 infinit.
1621 1104 1725 1140 artic.
1754 1103 1818 1138 τοῦ
1838 1104 2065 1146 instructum,
2099 1114 2177 1138 eam
2207 1114 2333 1147 nempe
2358 1104 2404 1139 ob
2425 1114 2580 1147 causam,

405 1167 501 1214 quod
531 1167 641 1205 verba
670 1164 823 1209 ἐλπίζειν
854 1171 890 1204 et
919 1165 1141 1216 γιγνώσκειν,
1184 1178 1336 1213 quorum
1377 1169 1457 1206 loco
1499 1169 1702 1206 locutiones
1746 1169 1864 1206 dictae
1902 1167 2118 1215 funguntur,
2161 1169 2257 1206 nudo
2295 1181 2374 1206 cum
2404 1169 2583 1207 infinitivo

404 1235 575 1279 coniungi
606 1235 733 1269 solent.
791 1234 958 1278 Denique
989 1234 1084 1278 quod
1113 1238 1230 1279 genet.
1261 1235 1324 1269 τοῦ
1355 1231 1452 1270 λύειν
1489 1246 1510 1270 a
1540 1235 1695 1271 formula
1732 1232 1847 1270 αἰτίαν
1878 1230 1977 1284 ἔχειν
2017 1236 2135 1279 spatio
2171 1236 2395 1280 aliquantum
2425 1240 2583 1272 remotus

404 1305 471 1344 est,
513 1300 558 1336 de
598 1300 778 1336 industria
818 1304 969 1345 propter
1009 1311 1176 1345 magnum
1223 1301 1318 1345 quod
1360 1303 1397 1336 in
1438 1312 1480 1338 eo
1522 1303 1616 1338 inest
1657 1302 1797 1346 pondus
1839 1302 1947 1337 initio'
1982 1302 2242 1337 enuntiationis
2294 1312 2373 1337 eum
2421 1304 2580 1347 positum

404 1378 482 1404 esse
512 1370 612 1413 puto.

604 1434 680 1468 Iam
711 1443 795 1468 vero
826 1443 892 1468 nos
923 1437 1175 1468 convertamus
1205 1434 1251 1468 ad
1281 1435 1432 1469 alteram
1462 1434 1639 1469 enuntiati
1669 1436 1824 1478 partem:
1855 1432 2001 1481 γνώμας
2029 1430 2191 1482 προτίθει
2222 1459 2231 1467 .
2264 1459 2273 1468 .
2305 1459 2314 1467 .
2345 1431 2493 1482 νομίσας
2517 1460 2526 1469 .
2545 1459 2553 1468 .
2572 1460 2581 1468 .

404 1500 467 1547 τῆς
494 1496 643 1538 πόλεως
673 1496 968 1547 βουλευσαμένης
999 1496 1118 1547 ἰατρὸς
1147 1495 1190 1534 ἂν
1220 1497 1401 1546 γενέσθαι,
1433 1511 1523 1544 quae
1552 1500 1662 1535 verba
1691 1503 1727 1534 et
1756 1501 1836 1543 ipsa
1855 1499 2059 1535 uberiorem
2080 1499 2288 1535 desiderare
2308 1500 2395 1534 mihi
2416 1500 2583 1535 videntur

406 1566 681 1610 expositionem.
738 1565 948 1609 Legebatur
977 1566 1063 1601 olim
1102 1570 1185 1601 ante
1215 1566 1448 1609 participium
1485 1562 1781 1614 βουλευσαμένης
1815 1565 2024 1600 adverbium
2054 1564 2189 1607 κακῶς,
2229 1565 2325 1608 quod
2355 1576 2460 1608 nune,
2504 1577 2583 1600 cum

407 1634 443 1667 in
487 1632 634 1677 optimis
676 1631 771 1667 desit
814 1631 1011 1675 codicibus,
1054 1632 1099 1667 ab
1137 1632 1301 1668 omnibus
1343 1632 1418 1668 fere
1459 1632 1660 1668 editoribus
1701 1632 1853 1667 eiectum
1895 1634 1959 1667 est.
2029 1631 2223 1675 Quaeritur
2263 1634 2393 1676 autem,
2437 1631 2582 1667 verbum

407 1695 648 1747 βουλεύεσθαι
677 1699 842 1733 absolute
871 1699 1029 1741 positum
1059 1702 1183 1741 aptum
1214 1698 1386 1741 praebeat
1416 1709 1557 1733 sensum
1589 1709 1711 1733 necne.
1768 1698 1818 1732 At
1848 1698 1934 1731 mihi
1965 1698 2109 1740 quidem
2148 1708 2226 1732 cuin
2257 1698 2401 1733 omnino
2432 1701 2582 1741 propter

405 1765 520 1809 ipsius
549 1768 716 1800 naturam
746 1768 822 1799 tum
852 1763 920 1799 hoc
950 1764 1030 1800 loco
1061 1767 1213 1808 propter
1242 1774 1396 1809 sequens
1427 1760 1546 1813 ἰατρός
1575 1774 1681 1809 egere
1712 1764 1855 1799 videtur
1878 1763 2137 1808 additamento,
2169 1773 2240 1808 quo
2270 1764 2346 1799 eius
2364 1767 2582 1800 momentum

406 1831 610 1867 definiatur.
669 1830 820 1866 Omissis
851 1831 896 1866 iis
926 1831 1028 1874 locis,
1061 1831 1189 1875 quibus
1220 1827 1462 1880 βουλεύεσθαι
1483 1841 1562 1866 cum
1583 1830 1762 1865 infinitivo
1782 1831 1839 1866 vel
1859 1840 1939 1865 cum
1961 1831 2232 1874 praepositione
2252 1827 2333 1878 περὶ
2353 1830 2582 1866 coniunctum

407 1902 473 1941 est,
504 1902 566 1933 aut
597 1901 726 1933 neutra
755 1898 1016 1933 adiectivorum
1046 1902 1109 1932 aut
1139 1897 1323 1940 adverbia,
1363 1908 1455 1941 quae
1496 1898 1638 1932 consilii
1680 1898 1736 1932 vel
1767 1897 1914 1932 ineundi
1946 1898 2000 1931 vel
2042 1897 2124 1931 initi
2155 1896 2361 1941 significent
2390 1898 2581 1940 rationem,

406 1963 533 1999 addita
562 1963 595 1998 ei
625 1963 798 1999 videmus.
867 1963 1104 1998 Inveniuntur
1145 1963 1254 1999 haec:
1295 1960 1339 1998 τὰ
1369 1959 1496 2011 ἄριστα
1526 1963 1687 2007 1‚43,2.
1729 1958 1803 1998 ἴσον
1834 1962 1994 2007 Ι,91,4.
2037 1960 2159 2011 χεῖρον
2189 1962 2218 2006 Ι,
2236 1963 2297 2006 73,
2318 1965 2354 2006 1;
2397 1959 2584 2002 ἀσκέπτως

408 2030 470 2073 VI,
488 2032 552 2073 21,
572 2032 603 2066 1.
646 2025 813 2078 βραδέως
842 2029 871 2072 Ι,
889 2030 952 2074 78,
971 2032 1002 2064 1.
1045 2024 1085 2064 εὖ
1121 2032 1154 2074 1,
1172 2032 1235 2072 71,
1252 2031 1286 2066 4.
1329 2028 1452 2067 καλῶς
1480 2029 1510 2073 1,
1530 2030 1619 2072 120,
1635 2030 1670 2065 4.
1713 2025 1834 2076 ὀρθῶς
1862 2029 1911 2072 ΙΙ,
1928 2030 1991 2072 64,
2008 2030 2043 2063 4.
2100 2029 2255 2064 Accedit
2276 2039 2427 2073 sequens
2451 2026 2582 2078 ἰατρός,

408 2096 505 2142 quod
534 2096 581 2132 ad
610 2097 728 2132 locum
759 2096 1019 2132 emendandum
1048 2095 1146 2131 haud
1175 2097 1297 2141 exigui
1326 2099 1381 2131 est
1410 2096 1592 2131 momenti.
1649 2095 1700 2131 Ut
1730 2095 1823 2131 enim
1853 2105 1963 2140 aegro
1994 2098 2134 2131 tantum
2164 2096 2308 2140 corpori
2332 2095 2493 2131 medicus
2523 2095 2586 2131 ad—

408 2163 514 2198 scisci
544 2163 650 2207 solet,
682 2162 734 2197 ita
762 2162 927 2207 prytanis
956 2172 978 2198 a
1007 2162 1114 2198 Nicia
1143 2162 1369 2206 admonetur,
1401 2164 1440 2197 ut
1469 2161 1599 2197 medici
1630 2164 1752 2206 partes
1782 2161 1968 2206 suscipiat,
2007 2171 2078 2198 non
2115 2161 2210 2207 quod
2241 2161 2481 2198 Athenienses
2512 2171 2586 2198 om-

409 2230 495 2264 nino
527 2229 729 2271 consilium,
761 2229 824 2263 sed
854 2229 950 2272 quod
980 2229 1112 2263 malum
1143 2232 1179 2263 et
1208 2229 1430 2272 reipublicae
1460 2227 1675 2262 Atheniensi
1706 2228 1947 2271 perniciosum
1967 2228 2136 2264 inierunt.
2196 2228 2295 2262 Haec
2324 2232 2444 2263 autem
2474 2228 2584 2273 signi-

410 2295 545 2338 ficatio,
577 2305 683 2339 quam
714 2295 810 2330 ratio
841 2295 960 2339 logica
989 2295 1042 2330 ita
1070 2295 1244 2338 postulat,
1289 2298 1329 2329 ut
1371 2294 1448 2330 sine
1484 2305 1527 2329 ea
1556 2294 1675 2339 imago
1705 2295 1869 2330 adhibita
1898 2305 2005 2330 sensu
2035 2298 2169 2337 careat,
2212 2295 2250 2329 in
2292 2295 2411 2329 verbis
2440 2294 2587 2329 traditis

409 2361 648 2396 desideratur.
717 2360 844 2405 Neque
883 2370 937 2404 ea,
980 2370 1072 2404 quae
1112 2360 1320 2404 Kruegerus
1362 2359 1483 2395 affert:
1525 2359 1659 2404 ικακῶς
1696 2370 1761 2395 vor
1800 2356 2094 2409 βουλευσαμένης
2123 2360 2211 2395 wird
2241 2360 2333 2395 nach
2363 2360 2432 2396 den
2461 2360 2587 2395 besten

410 2425 697 2462 Handschriften
726 2426 943 2471 gestrichen.
1002 2426 1197 2461 Vielleicht
1227 2427 1362 2461 lautete
1392 2425 1457 2461 das
1489 2425 1619 2461 Gesetz
1650 2429 1755 2461 etwa:
1799 2426 1860 2474 τῆς
1897 2422 2043 2465 πόλεως
2072 2423 2346 2475 βουλευσαμέης
2382 2424 2432 2474 μὴ
2461 2423 2589 2465 ἐξεῖναι

411 2489 678 2541 ἀναψηφίζειν’,
716 2492 850 2528 tollunt
880 2491 1144 2535 difficultatem,
1176 2502 1256 2527 cum
1286 2492 1345 2527 hic
1375 2492 1420 2527 de
1455 2492 1534 2537 lege
1575 2491 1720 2527 minime
1761 2495 1899 2537 agatur.
1969 2492 2094 2537 Neque
2135 2491 2307 2528 adverbio
2343 2492 2466 2532 κακῶς
2502 2493 2588 2529 olim

411 2561 548 2594 inserto
578 2560 653 2593 ulla
683 2569 748 2602 per
777 2569 816 2593 se
841 2558 1034 2594 tribuenda
1063 2562 1117 2593 est
1138 2559 1347 2594 auctoritas.
1405 2558 1525 2593 Multo
1547 2558 1655 2593 etiam
1675 2559 1787 2603 magis
1808 2559 1988 2603 displicet,
2021 2559 2116 2603 quod
2127 2558 2343 2594 Weidnerus
2356 2558 2386 2603 ⁸)
2415 2559 2587 2594 coniecit:

411 2626 473 2673 τῆς
502 2623 543 2660 δὲ
571 2622 717 2664 πόλεως
746 2623 782 2660 ἐν
811 2624 863 2673 τῷ
894 2622 1105 2674 βουλήσεως
1134 2622 1284 2660 ἀσθενεῖ
1310 2622 1429 2672 ἰατρὸς
1467 2620 1510 2659 ἂν
1548 2621 1728 2671 γενέσθαι,
1771 2636 1861 2669 quae
1900 2626 2109 2661 coniectura
2143 2636 2165 2660 a
2200 2625 2373 2661 librorum
2409 2626 2590 2669 scriptura

412 2691 503 2728 adeo
534 2691 672 2727 recedit
702 2694 846 2736 tamque
877 2689 1038 2727 difficilis
1068 2694 1135 2736 est,
1166 2694 1205 2727 ut
1235 2691 1383 2736 probari
1413 2691 1473 2726 vix
1504 2690 1630 2735 possit.
1689 2690 2002 2736 Circumspicienti
2031 2694 2151 2727 autem
2181 2691 2282 2736 mihi,
2314 2702 2406 2736 quae
2436 2691 2588 2728 sanandi

614 2852 639 2892 ¹)
664 2854 793 2884 Griech.
819 2855 874 2884 Gr.
899 2852 967 2889 11⁸·,
992 2854 1012 2892 ἓ
1038 2856 1112 2893 543,
1126 2857 1157 2884 3.
1205 2852 1231 2892 ¹)
1255 2855 1312 2889 ΙΙΙ,
1330 2856 1379 2891 11,
1395 2857 1408 2883 1
1446 2863 1510 2882 non
1546 2854 1665 2891 legitur
1695 2854 1730 2884 τὸ
1756 2854 1801 2894 μὴ
1826 2856 1974 2895 προέχων
2010 2855 2047 2884 ἂν
2081 2854 2222 2885 ἐπελθεῖν
2247 2855 2467 2895 ἀποτρέπεται,
2505 2853 2590 2890 quod

415 2906 458 2939 M.
483 2904 626 2946 praebet,
651 2905 708 2937 sed
730 2910 777 2950 τῷ
805 2932 811 2939 .
838 2928 846 2937 .
872 2932 879 2939 .
906 2904 1048 2940 ἐπελθεῖν
1074 2905 1295 2950 ἀποτρέπεται.
1354 2904 1380 2949 ³)
1399 2905 1485 2947 Nvid.
1515 2915 1546 2947 p.
1572 2907 1602 2939 9.
1670 2904 1697 2948 ⁴)
1729 2905 1793 2939 vid.
1824 2917 1854 2946 p.
1880 2908 1910 2940 9.
1980 2905 2006 2949 ⁵)
2041 2907 2066 2946 Ι,
2079 2908 2130 2945 53,
2145 2908 2175 2940 2.
2211 2907 2264 2947 62,
2278 2907 2307 2939 2.
2344 2906 2387 2947 11,
2405 2907 2455 2945 12,
2469 2907 2498 2939 2.
2536 2904 2590 2943 VI,

415 2965 469 2998 47,
487 2965 513 2992 1.
560 2960 587 3001 ⁸)
611 2962 653 3000 11,
667 2964 720 3000 86,
737 2965 767 2993 3.
803 2963 859 2999 111,
874 2964 926 3001 92,
941 2964 971 2993 2.
1010 2963 1065 3001 IV,
1082 2964 1155 3001 125,
1166 2965 1197 2993 3.
1238 2964 1324 2999 VIII,
1337 2965 1389 2999 44,
1406 2965 1433 2994 1.
1485 2962 1510 3003 ⁷)
1527 2963 1552 3001 Ι,
1569 2963 1641 3000 128,
1656 2964 1684 2992 5.
1724 2963 1765 3001 11,
1780 2963 1810 3001 2,
1824 2964 1853 2993 4.
1895 2964 1965 2999 VII,
1979 2964 2032 3002 72,
2047 2965 2076 2994 2.
2122 2962 2150 3002 ⁸)
2167 2963 2355 3001 Programm
2371 2971 2435 2991 von
2452 2962 2590 2991 Giessen

419 3018 511 3049 1875.
537 3017 569 3049 S.
598 3018 647 3050 18.
