2927 3551
1290 254 1302 255 a
1352 198 1400 235 13
1450 254 1474 257 r-

292 328 387 366 ratio
417 328 573 365 sermoni
602 327 835 374 Thucydideo
865 329 1001 375 optime
1031 330 1261 376 respondeat,
1293 331 1388 368 haud
1418 331 1579 377 ineptum
1616 335 1671 368 cst
1711 332 1824 368 visum
1859 334 1942 368 ante
1979 327 2275 382 βουλευσαμένης
2304 331 2463 368 inserere

292 395 402 430 verba
431 391 498 429 οὐκ
527 390 581 429 εὖ.
642 395 861 440 Quamquam
892 397 986 431 enim
1016 397 1117 441 optio
1153 397 1271 442 datur,
1315 401 1434 433 utrum
1474 394 1541 433 οὐκ
1571 395 1692 447 ὀρθῶς
1728 408 1775 433 an
1810 394 1852 432 οὐ
1883 396 2005 437 καλῶς
2042 408 2088 433 an
2125 394 2192 433 οὐκ
2228 393 2270 432 εὖ
2305 398 2464 433 scribere

292 462 468 506 malimus,
500 462 665 506 plurimis
694 466 812 498 tamen
842 464 931 499 locis
962 460 1203 512 βουλεύεσθαι
1232 465 1379 500 verbum
1409 476 1489 500 cum
1519 465 1690 501 adverbio
1730 460 1770 499 εὖ
1810 466 2038 500 coniunctum
2068 466 2260 501 invenitur.
2325 465 2463 509 Depre-

292 527 402 564 hendi
432 528 526 564 enim
557 523 598 564 εὖ
629 525 874 578 βουλεύεσθαι
903 530 992 566 locis
1022 530 1139 566 hisce:
1170 530 1330 575 I,'71,4.
1375 533 1436 575 73,
1453 532 1487 567 2.
1524 532 1588 575 84,
1608 533 1642 569 4.
1686 531 1753 575 III,
1770 532 1832 567 48.
1875 531 2069 576 IV,59‚3.
2101 532 2216 575 62,1.
2260 531 2303 576 V,
2323 533 2463 576 lll‚4.

292 593 487 639 VI,23,3.
531 595 647 639 36,3,
690 591 810 644 ὀρθῶς
845 592 946 645 βουλ.
989 596 1125 632 tribus:
1167 597 1216 641 Il,
1233 598 1295 641 64,
1312 599 1347 633 4.
1395 597 1458 643 VI,
1474 599 1511 643 8,
1529 598 1562 633 3.
1610 598 1723 642 17,5,
1772 595 1895 636 καλῶς
1933 594 2034 647 βουλ.
2073 597 2230 634 duobus:
2272 598 2410 643 I‚120,
2427 599 2463 635 4.

292 660 354 703 IV,
375 662 436 708 17,
451 662 486 695 2.
542 661 624 696 Uno
653 662 733 697 loco
763 662 831 705 111,
846 663 911 706 42,
929 664 949 698 5
981 663 1114 707 legitur
1143 659 1184 698 εὖ
1215 660 1411 712 βουλεύειν.
1470 664 1546 699 Nec
1575 665 1721 699 silentio
1752 664 1842 699 illud
1872 665 2173 708 praetereundum
2198 661 2286 700 mihi
2307 665 2461 707 videtur,

293 725 389 770 quod
418 729 569 771 propter
597 727 869 763 similitudinem
898 728 1157 764 vocabulorum
1188 725 1254 765 οὐκ
1284 725 1325 765 εὖ
1366 734 1402 765 et
1430 730 1569 774 primae
1608 733 1644 765 et
1674 730 1849 765 secundae
1888 729 1989 766 verbi
2031 726 2273 779 βουλεύεσθαι
2302 730 2463 775 syllabae

292 791 363 827 duo
392 792 457 827 illa
484 792 659 828 vocabula
688 793 855 828 excidere
883 797 1089 838 potuerunt.
1146 794 1201 829 Ac
1229 806 1274 830 ne
1303 795 1383 839 quis
1414 793 1464 843 μὴ
1493 795 1615 839 potius
1636 799 1833 839 exspectet,
1865 791 1932 830 οὐκ
1961 795 2043 830 ideo
2065 805 2167 830 suum
2197 799 2322 831 tenere
2342 796 2461 832 locum

292 857 398 901 addo,
430 857 525 902 quod
555 868 696 893 sensum
727 859 855 903 partic.
886 856 1180 909 βουλευσαμένης
1217 861 1395 896 causalem
1432 871 1509 896 esse
1539 849 1701 905 apparet.
1745 881 1795 886 —
1836 860 2045 906 Legendum
2087 864 2142 896 est
2171 861 2282 906 igitur
2312 861 2374 905 VI,
2395 863 2462 897 14:

293 922 439 971 γνώμας
468 921 629 972 προτίθει
658 921 762 965 αὖθις
790 920 1002 975 Ἀθηναίοις,
1033 924 1192 974 νομίσας,
1223 924 1255 962 εἰ
1284 924 1458 976 ὀρρωδεῖς
1485 924 1525 962 τὸ
1557 924 1797 976 ἀναψηφίσαι.
1828 927 1891 962 τοῦ
1923 924 1986 974 μὲν
2017 923 2113 962 λύειν
2139 925 2220 966 τοὺς
2248 924 2382 975 νόμους
2412 926 2463 976 μὴ

294 986 385 1036 μετὰ
413 986 561 1024 τοσῶνδ’
595 986 637 1024 ἄν
668 987 859 1040 μαρτύρων
890 989 1002 1026 αἰτίαν
1032 992 1146 1042 σχεῖν,
1177 993 1239 1041 τῆς
1269 990 1309 1027 δὲ
1337 989 1481 1031 πόλεως
1510 989 1577 1027 οὐκ
1606 988 1647 1027 εὖ
1678 990 1973 1042 βουλευσαμένης
2003 990 2123 1042 ἰατρὸς
2152 989 2194 1027 ἂν
2224 990 2405 1041 γενέσθαι.

556 1055 592 1102 δ)
619 1059 806 1102 genetivus
836 1060 1102 1103 comparativus
1133 1060 1215 1103 VII,
1231 1061 1295 1103 43,
1313 1061 1351 1094 5:
1382 1057 1443 1094 καὶ
1473 1055 1574 1093 αὐτοὶ
1604 1057 1667 1106 μὲν
1695 1059 1759 1104 (sc.
1791 1057 1824 1094 οἱ
1853 1055 2052 1107 Ἀθηναῖοι)
2091 1057 2202 1099 εὐθὺς
2230 1057 2397 1109 ἐχώρουν
2427 1058 2464 1099 ἐς

291 1119 331 1158 τὸ
361 1118 532 1171 πρόσθεν,
563 1120 663 1164 ὅπως
691 1126 734 1173 τῇ
762 1121 929 1174 παρούσῃ
961 1123 1056 1175 ὁρμῇ
1084 1125 1147 1162 τοῦ
1167 1123 1402 1175 περαίνεσθαι
1433 1123 1482 1161 ὧν
1503 1122 1611 1162 ἕνεκα
1642 1122 1754 1175 ἦλθον
1777 1124 1826 1175 μὴ
1848 1123 1992 1176 βραδεῖς
2011 1123 2195 1174 γένωνται.
2254 1127 2461 1171 Quaeritur,

291 1191 408 1233 genet.
438 1189 500 1224 τοῦ
529 1187 763 1239 περαίνεσθαι
793 1195 976 1236 spectetne
1006 1192 1051 1227 ad
1082 1192 1240 1228 dativum
1272 1190 1367 1241 ὁρμῇ
1395 1202 1441 1227 an
1470 1192 1516 1227 ad
1531 1192 1747 1228 adiectivum
1769 1189 1925 1242 βραδεῖς.
1985 1192 2293 1229 Commentatores
2315 1193 2464 1238 plurimi

295 1265 375 1289 eum
405 1257 451 1290 ad
482 1254 577 1304 ὁρμῇ
625 1257 801 1302 referunt,
848 1260 982 1293 rectius
1013 1259 1217 1294 Classenius
1258 1260 1303 1294 ad
1346 1257 1490 1308 βραδεῖς
1530 1260 1629 1293 nisus
1670 1259 1878 1302 scholiasta,
1916 1261 1977 1303 qui
2023 1257 2169 1308 βραδεῖς
2196 1256 2370 1306 γένωνται
2411 1260 2464 1294 in—

294 1324 516 1366 terpretatur
544 1324 664 1360 verbis
693 1325 767 1361 his:
797 1323 837 1361 τὸ
869 1323 1013 1374 βραδεῖς
1041 1322 1213 1373 γένωνται
1243 1323 1318 1362 ἀντὶ
1346 1325 1409 1361 τοῦ
1445 1323 1495 1373 μὴ
1532 1322 1755 1373 ὑστερήσωσι
1792 1324 1918 1361 κεῖται.
1984 1326 2076 1361 Nam
2114 1326 2160 1362 ad
2190 1326 2463 1362 similitudinem

294 1386 393 1422 verbi
424 1385 580 1437 ὑστερεῖν
593 1388 621 1435 1)
649 1390 758 1425 etiam
789 1387 924 1439 βραδὺν
954 1388 1138 1438 γίγνεσθαι
1151 1390 1180 1437 ²)
1209 1390 1364 1427 formula
1393 1401 1472 1426 cum
1501 1391 1667 1436 genetivo
1698 1391 1796 1436 iungi
1826 1391 1956 1435 potuit.
2038 1390 2240 1426 Abicienda
2268 1394 2324 1426 est
2353 1391 2466 1436 igitur

294 1453 502 1489 coniectura
530 1455 679 1499 Dobrei,
711 1457 771 1499 qui
801 1467 868 1499 pro
898 1457 960 1491 τοῦ
990 1454 1030 1491 τὸ
1061 1457 1171 1491 scribi
1201 1458 1327 1492 voluit.

558 1520 592 1566 ε)
618 1522 805 1566 genetivus
835 1524 1060 1567 separativus
1089 1527 1172 1567 post
1202 1520 1449 1557 ἀπαλλάσσειν
1480 1523 1581 1567 VIII,
1598 1524 1661 1567 89,
1679 1524 1713 1558 3.
1758 1525 1846 1566 106,
1864 1524 1885 1557 2
1915 1519 2153 1572 (φοβούμενοι
2184 1553 2190 1559 .
2223 1548 2231 1557 .
2264 1548 2274 1557 .
2306 1520 2396 1562 τέως
2424 1521 2464 1557 τὸ

293 1585 364 1620 τῶν
396 1582 693 1636 Πελοποννησίων
723 1585 887 1624 ναυτικὸν
917 1615 926 1623 .
954 1615 963 1624 .
995 1615 1004 1624 .
1032 1586 1091 1625 διὰ
1119 1586 1181 1638 τὴν
1211 1586 1247 1624 ἐν
1277 1590 1321 1637 τῇ
1352 1584 1499 1637 Σικελία
1528 1586 1713 1638 Ευμφορὰν
1744 1585 2010 1638 ἀπηλλάγησαν
2053 1588 2115 1625 τοῦ
2146 1588 2238 1639 σφᾶς
2267 1601 2306 1625 τε
2336 1585 2466 1629 αὐτοὺς

294 1649 599 1701 καταμέμφεσθαι
629 1651 729 1699 κτὲ.),
761 1651 958 1702 ἀποκλῄειν
988 1656 1051 1699 IV,
1068 1657 1131 1699 34,
1147 1657 1180 1690 3.
1211 1652 1422 1703 ἀποτρέπειν
1451 1655 1480 1698 Ι,
1498 1657 1561 1698 76,
1579 1656 1612 1691 3.

551 1717 584 1765 ζ)
613 1719 658 1754 ad
688 1718 961 1765 significandum
991 1721 1189 1758 consilium.
1249 1720 1554 1757 Proficiscendum
1585 1724 1638 1756 est
1652 1720 1873 1766 Nipperdeio
1887 1720 1916 1767 ³)
1944 1725 2092 1758 auctore
2120 1721 2166 1757 ab
2196 1732 2239 1757 eo
2269 1722 2360 1766 loco,
2393 1733 2463 1766 quo

295 1783 519 1820 substantivo
549 1784 716 1821 infinitivi
746 1787 931 1832 genetivus
962 1790 1016 1822 est
1045 1787 1190 1823 additus
1219 1788 1265 1822 ad
1296 1788 1505 1832 qualitatem
1548 1787 1702 1822 actionis
1738 1787 1975 1823 indicandam.
2044 1787 2181 1823 Eodem
2223 1787 2317 1822 enim
2355 1787 2463 1824 modo

295 1850 522 1894 Thucydides
551 1852 684 1887 adiecit
714 1853 841 1888 infinit.
871 1855 1074 1898 genetivum
1117 1855 1226 1889 verbo
1269 1855 1315 1889 ad
1353 1854 1459 1889 finem
1489 1854 1643 1888 actionis
1681 1854 1965 1897 exprimendum,
2007 1855 2218 1898 plerumque
2248 1858 2368 1889 tamen
2398 1855 2461 1897 ita,

295 1918 335 1951 ut
364 1917 591 1961 negationem
622 1914 671 1965 μή
690 1922 860 1963 apponat.
893 1905 901 1914 ⁵
919 1919 1126 1965 Kruegerus
1137 1917 1167 1969 4)
1187 1923 1371 1969 enumerat
1393 1920 1492 1955 locos
1509 1919 1632 1955 hosce:
1664 1919 1692 1963 Ι,
1710 1921 1742 1954 4.
1776 1920 1838 1963 23,
1855 1920 1890 1955 4.
1933 1919 1981 1963 II,
2000 1921 2062 1964 22,
2081 1922 2112 1961 l,
2131 1921 2164 1956 2.
2197 1920 2258 1956 32.
2293 1920 2354 1963 75,
2377 1922 2410 1964 1,
2428 1921 2461 1956 3.

297 1984 361 2026 93,
378 1983 411 2019 3.
454 1983 496 2026 V,
515 1985 577 2027 72,
594 1984 628 2018 3.
670 1984 770 2028 VIII,
790 1986 850 2028 14,
871 1988 903 2028 1,
935 1986 1028 2021 addo
1059 1986 1087 2029 I,
1103 1987 1166 2029 45,
1184 1987 1217 2022 2.
1260 1987 1302 2029 V,
1322 1987 1385 2030 27,
1402 1988 1437 2029 3,
1469 1986 1530 2030 qui
1560 1986 1630 2021 loci
1661 1996 1781 2021 omncs
1803 1990 1886 2020 sunt
1906 1986 1943 2020 in
1963 1987 2182 2022 narratione.
2238 1986 2352 2029 Unus,
2378 1986 2407 2030 1,
2424 1988 2461 2029 4,

296 2049 489 2093 negatione
520 2047 569 2097 μή
600 2054 708 2087 caret.
777 2051 953 2096 Exemplo
995 2052 1043 2087 sit
1072 2052 1239 2096 I,23,4:
1282 2048 1371 2087 διότι
1401 2047 1582 2095 δ’ἔλυσαν,
1627 2049 1689 2091 τὰς
1730 2049 1861 2091 αἰτίας
1884 2048 2102 2101 προῦγραψα
2143 2053 2282 2100 πρῶτον
2312 2049 2372 2087 καὶ
2400 2050 2464 2091 τὰς

298 2111 488 2163 διαφοράς,
519 2114 582 2150 τοῦ
612 2113 661 2164 μή
691 2127 767 2151 τινα
799 2114 954 2166 ζητῆσαί
979 2128 1066 2153 ποτε
1095 2114 1130 2158 ἐξ
1161 2114 1245 2153 ὅτου
1275 2117 1443 2158 τοσοῦτος
1471 2114 1631 2166 πόλεμος
1666 2117 1737 2158 τοῖς
1762 2113 1920 2167 Ἕλλησι
1956 2114 2123 2167 κατέστη.
2185 2117 2379 2154 Transtata
2408 2121 2464 2154 est

297 2180 386 2215 haec
415 2182 636 2217 constructio
667 2183 703 2216 in
734 2183 891 2227 linguam
921 2184 1101 2228 Latinam,
1132 2184 1192 2219 ubi
1224 2185 1257 2219 ei
1287 2185 1482 2229 respondet
1511 2185 1697 2229 genetivus
1727 2185 1893 2230 gerundii
1924 2186 1979 2220 vel
2008 2185 2207 2230 gerundivi.
2266 2185 2463 2229 Reperitur

297 2247 392 2290 apud
422 2247 629 2282 Terentium
658 2249 812 2291 primum
834 2248 1022 2294 Adelph.5)
1040 2250 1088 2293 ΙΙ,
1106 2251 1196 2293 4,6:
1227 2261 1270 2285 ne
1300 2251 1337 2285 id
1367 2251 1581 2286 adsentandi
1610 2251 1725 2296 magis
1756 2263 1861 2296 quam
1891 2263 1961 2296 quo
1991 2251 2142 2286 habeam
2171 2251 2312 2296 gratum
2342 2250 2463 2286 facere

298 2313 504 2357 existumes,
535 2317 662 2358 postea
691 2315 845 2350 maxime
875 2315 970 2359 apud
999 2315 1173 2352 Tacitum.
1239 2315 1483 2360 Nipperdeius
1518 2317 1564 2352 ad
1594 2317 1687 2352 Ann.
1718 2317 1765 2357 II,
1783 2318 1831 2352 59
1866 2317 2115 2363 (Germanicus
2145 2317 2349 2362 Aegypt-um
2379 2328 2464 2361 pro-

298 2377 472 2414 ficiscitur
513 2380 782 2424 cognoscendae
824 2381 1066 2426 antiquitatis)
1106 2381 1230 2416 laudat
1270 2381 1336 2417 hos
1376 2382 1491 2417 locos:
1542 2382 1672 2419 Annal.
1711 2383 2041 2427 111‚7,9‚27,41.
2089 2382 2151 2426 VI,
2168 2383 2232 2419 30.
2279 2381 2384 2426 XIII,
2405 2384 2465 2418 11.

298 2444 392 2482 Hist.
423 2445 563 2490 1V,25.
595 2447 656 2483 42.

497 2511 617 2546 Pauca
645 2512 797 2547 dicenda
826 2517 909 2548 sunt
931 2514 974 2549 de
996 2515 1104 2558 1,45,
1121 2515 1157 2559 2,
1189 2515 1289 2549 cuius
1312 2514 1382 2550 loci
1405 2515 1585 2559 scriptura
1615 2516 1759 2560 vulgata
1788 2519 1841 2550 est
1870 2515 1972 2549 haec:
2003 2513 2169 2563 προεῖπον
2201 2512 2241 2549 δὲ
2266 2514 2378 2550 ταῦτα
2402 2516 2465 2551 τοῦ

300 2575 350 2624 μὴ
380 2573 475 2612 λύειν
506 2574 612 2612 ἕνεκα
641 2576 704 2617 τὰς
733 2577 898 2618 σπονδάς.
958 2580 1116 2616 Offendit
1145 2581 1238 2616 enim
1269 2582 1406 2625 optimo
1446 2582 1522 2616 iure
1553 2581 1708 2617 Cobetus
1744 2583 1780 2615 in
1805 2579 2087 2625 'praepositione
2122 2577 2230 2616 ἕνεκα
2267 2593 2418 2627 eamque
2448 2594 2467 2618 c

299 2645 402 2679 textu
431 2644 550 2688 eiecit,
582 2644 714 2689 quippe
744 2655 835 2690 quae
863 2645 932 2683 hoc
960 2657 1031 2683 uno
1067 2647 1147 2684 loco
1188 2647 1284 2692 apud
1313 2646 1557 2692 Thucydidem
1598 2658 1677 2683 cum
1695 2656 1699 2660 ·
1718 2646 1895 2683 infinitivo
1937 2647 2130 2683 coniuncta
2170 2647 2324 2693 legatur.
2393 2649 2467 2685 Ad-

498 2808 524 2846 ¹)
547 2809 632 2838 conf.
657 2809 759 2839 Thuc.
783 2810 958 2846 111,31,2:
982 2810 1018 2839 τὸ
1043 2810 1189 2840 πλεῖστοί
1213 2813 1271 2850 τῆς
1294 2811 1424 2849 γνώμης
1449 2811 1529 2849 εἶχεν
1553 2809 1611 2846 (sc,
1638 2808 1832 2846 ὁἈλκίδας),
1859 2809 1967 2849 ἐπειδὴ
1991 2812 2049 2849 τῆς
2076 2808 2265 2850 Μυτιλήνης
2289 2811 2464 2851 υστερήκει,

301 2857 505 2905 ὅτι“τα’χιστα
529 2864 569 2907 τῇ
596 2859 828 2907 Πελοποννήσῳ
856 2889 864 2896 .
890 2886 897 2894 .
921 2862 1097 2908 προσμῖξαι.
1145 2861 1170 2906 ²)
1194 2863 1419 2906 Thuc.1saepe
1442 2872 1500 2903 pro
1525 2872 1588 2893 uno
1612 2861 1711 2894 verbo
1736 2860 1893 2905 γίγνεσθαι
1918 2863 1989 2894 sive
2013 2862 2089 2896 εἶναι
2114 2873 2187 2895 cum
2205 2863 2366 2896 adiectivo
2390 2865 2465 2897 sub-

301 2917 483 2947 stantivove
515 2918 724 2948 coniunctum
756 2924 901 2959 usurpat,
936 2919 1039 2949 veluti
1077 2919 1239 2963 ἄπρακτον
1263 2930 1292 2960 γ.
1317 2919 1373 2955 IV,
1386 2920 1436 2959 89,
1452 2920 1480 2949 2.
1517 2918 1661 2960 μηνυτὴν
1685 2929 1713 2959 γ.
1750 2918 1806 2958 lII,
1821 2919 1851 2958 2,
1868 2919 1897 2950 2.
1934 2919 2087 2962 κωλυτὴν
2111 2931 2139 2961 γ.
2167 2920 2204 2957 V,
2225 2921 2305 2957 9,7;
2330 2920 2468 2961 κώλυμα

300 2972 376 3004 εἶναι
400 2973 438 3010 V,
452 2975 505 3010 30,
520 2974 549 3005 2.
595 2971 622 3013 ³)
645 2973 709 3004 vid.
734 2984 765 3012 p.
794 2975 833 3005 10
858 2974 965 3006 adnot.
993 2977 1020 3006 1.
1069 2974 1095 3015 ⁴)
1120 2974 1159 3004 de
1183 2975 1224 3013 ΙΙ,
1238 2975 1297 3010 -1,1
1325 2973 1389 3005 vid.
1413 2984 1444 3013 p.
1473 2976 1510 3004 10
1535 2983 1603 3012 sq.;
1628 2972 1669 3005 de
1694 2974 1781 3010 VIII,
1795 2975 1882 3010 39,3
1907 2974 1972 3006 vid.
1997 2985 2029 3014 p.
2058 2976 2107 3007 10.
2154 2974 2181 3014 ⁶)
2206 2975 2411 3006 Fleckeisen.
