2951 3568
1462 269 1512 309 10

656 397 692 451 β)
720 401 766 437 ad
796 402 1008 446 qualitatem
1039 402 1194 439 actionis
1206 401 1234 448 1)
1273 404 1557 448 exprimendam,
1600 404 1700 440 cuius
1730 403 1872 449 generis
1903 413 2010 439 unum
2045 403 2142 448 apud
2171 402 2419 449 Thucydidem
2448 403 2570 440 inveni

390 467 605 513 exemplum,
636 467 877 513 V111,39,3:
917 492 927 502 .
959 493 968 502 .
1001 493 1011 502 .
1043 465 1218 517 ἀγγελίαν
1247 465 1407 519 ἔπεμπον
1443 467 1500 505 ἐπὶ
1527 467 1592 509 τὰς
1625 467 1662 505 ἐν
1691 471 1735 517 τῇ
1766 464 1920 518 Μιλήτῳ
1960 468 2046 507 ναῦς
2074 468 2138 503 τοῦ
2170 466 2570 518 Ευμπαρακομισθῆναι.

390 534 531 568 Iniuria
558 534 654 568 hunc
682 533 814 570 infinit.
845 535 1050 578 genetivum
1080 535 1307 572 substantivo
1337 533 1490 583 ἀγγελία
1519 537 1682 572 additum
1705 539 2018 579 commentatores,
2049 539 2090 571 ut
2102 535 2325 580 Kruegerus,
2352 536 2570 582 (Bussenius,

390 598 620 645 Weiskius2)‚
651 598 942 650 Behrendtiusss),
972 600 1178 645 genetivum
1207 599 1390 648 finalem4)
1418 601 1643 647 intellegunt.
1701 600 1837 637 Eadem
1867 603 1923 637 est
1951 600 1989 636 in
2018 600 2142 646 lingua
2171 599 2305 636 Latina
2333 602 2570 646 constructio,

389 666 452 702 ubi
482 666 515 701 ei
546 665 744 710 respondet
772 667 961 711 genetivus
989 667 1189 711 gerundivi.
1249 667 1446 711 Reperitur
1474 667 1570 711 apud
1600 667 1789 702 Caesarem
1825 667 1993 711 primum,
2033 666 2117 703 bell.
2148 666 2240 703 Gall.
2258 666 2334 709 -IV,
2354 666 2437 712 17⁵)
2464 672 2571 705 extit:

391 732 421 766 si
451 732 623 767 arborum
651 732 773 767 trunci
803 733 878 767 sive
907 742 1016 768 naves
1046 732 1224 768 deiciendi
1255 734 1376 776 operis
1406 737 1525 768 essent
1555 761 1563 769 .
1595 763 1601 769 .
1632 734 1774 776 missae,
1805 736 1888 776 post
1918 743 1997 768 eum
2026 732 2124 777 apud
2153 731 2376 776 Sallustium,
2406 736 2447 768 ut
2476 732 2570 770 Hist.

395 798 493 842 1,51
526 797 591 835 Kr.
624 798 664 834 3:
694 798 892 834 exercitum
923 797 1180 843 opprimendae
1210 797 1391 834 libertatis
1420 798 1542 844 habet,
1573 798 1670 844 apud
1700 798 1855 843 Livium,
1885 801 1925 833 ut
1954 798 1983 843 I,
2003 800 2040 833 1:
2145 798 2265 834 sedem
2295 798 2572 843 condendaeque

390 863 491 898 urbis
522 864 640 899 locum
671 873 857 908 quaerere,
890 864 979 899 locis
1009 863 1127 898 tribus
1157 864 1253 908 apud
1283 864 1468 899 Tacitum:
1499 865 1592 901 Ann.
1622 865 1708 907 XII,
1726 865 1796 899 24:
1834 865 1953 899 sulcus
1984 865 2195 908 designandi
2225 864 2363 908 oppidi,
2396 864 2491 901 Hist.
2521 865 2570 908 11,

396 932 483 965 100.
515 930 587 973 ΙΙΙ,
604 931 668 965 49.

655 994 693 1042 γ)
719 995 906 1040 genetivus
935 995 1130 1039 partitivus
1159 999 1243 1040 post
1282 993 1323 1031 τὸ
1361 995 1526 1032 πλεῖστον
1556 997 1762 1042 1V‚34,1:
1795 1022 1804 1031 .
1837 1022 1846 1030 .
1879 1022 1888 1030 .
1929 992 2030 1031 αὐτοὶ
2064 997 2109 1044 τῇ
2139 1021 2148 1030 .
2181 1021 2190 1030 .
2222 991 2304 1045 ὄψει
2332 994 2395 1030 τοῦ
2424 991 2572 1043 θαρσεῖν

391 1058 432 1095 τὸ
461 1059 626 1096 πλεῖστον
656 1056 850 1109 εἰληφότες
880 1086 889 1095 .
922 1086 931 1094 .
964 1086 973 1095 .
1006 1057 1184 1109 ὥρμησαν
1214 1057 1270 1096 ἐπ’
1305 1058 1436 1101 αὐτοὺς
1465 1059 1538 1097 κτὲ.

592 1125 630 1171 d)
659 1125 794 1161 Infinit.
825 1126 1013 1171 genetivus
1050 1127 1184 1171 pendet
1221 1137 1265 1162 ex
1295 1128 1494 1165 adiectivis.
1559 1127 1686 1163 Habeo
1725 1138 1850 1163 unum:
1892 1122 2061 1175 ἔμπειρος
2091 1127 2193 1171 ΙΙ,4,
2214 1129 2246 1171 1,
2290 1136 2360 1170 quo
2399 1127 2480 1162 loco
2509 1126 2571 1162 inf.

390 1196 508 1238 genet.
538 1192 752 1228 relationem
783 1192 931 1227 indicat.
989 1192 1178 1238 Leguntur
1207 1193 1259 1228 ibi
1288 1194 1391 1229 haec:
1427 1191 1666 1243 ἐφοβήθησαν
1707 1194 1769 1237 (sc.
1809 1191 1841 1228 οἱ
1878 1189 2046 1242 Θηβαῖοι)
2083 1190 2145 1228 καὶ
2181 1188 2398 1241 τραπόμενοι
2438 1187 2572 1241 ἔφυγον

391 1255 451 1292 διὰ
480 1258 542 1305 τῆς
570 1254 729 1300 πόλεως,
760 1254 902 1305 ἄπειροι
933 1255 997 1305 μὲν
1028 1254 1126 1297 ὄντες
1156 1256 1188 1293 οἱ
1216 1256 1361 1298 πλείους
1389 1256 1426 1294 ἐν
1456 1255 1577 1307 σκότῳ
1607 1257 1668 1294 καὶ
1697 1258 1805 1307 πηλῷ
1833 1259 1904 1294 τῶν
1934 1254 2067 1294 διόδων
2096 1253 2122 1306 ᾗ
2153 1255 2226 1307 χρὴ
2263 1255 2427 1307 σωθῆναι
2449 1284 2458 1294 .
2482 1284 2491 1293 .
2514 1284 2523 1294 .
2547 1285 2571 1301 .,

390 1320 583 1373 ἐμπείρους
622 1320 663 1359 δὲ
700 1318 850 1373 ἔχοντες
889 1320 972 1363 τοὺς
1001 1321 1198 1363 διώκοντας
1237 1323 1299 1359 τοῦ
1342 1322 1391 1373 μὴ
1432 1320 1634 1374 ἐκφεύγειν.
1705 1325 1911 1369 Quaeritur,
1955 1334 2025 1369 quo
2057 1334 2162 1359 sensu
2191 1325 2332 1368 positus
2362 1325 2410 1359 sit
2439 1324 2569 1361 infinit.

390 1391 578 1436 genetivus
608 1389 672 1425 τοῦ
703 1387 753 1439 μὴ
783 1385 984 1439 ἐκφεύγειν.
1055 1389 1195 1435 Poppo,
1236 1390 1445 1437 Kruegerus
1459 1389 1499 1437 ⁶),
1541 1391 1737 1427 Boehmius
1779 1401 1859 1426 eum
1889 1394 2054 1436 spectare
2084 1393 2231 1426 censent
2260 1390 2306 1426 ad
2335 1390 2569 1435 participium

392 1455 588 1495 διώκοντας
618 1460 654 1491 et
683 1455 888 1500 significare
917 1456 1120 1499 consilium,
1151 1461 1189 1492 at
1218 1458 1363 1501 iniuria,
1396 1468 1475 1493 cum
1506 1458 1647 1493 consilii
1678 1459 1778 1494 notio
1808 1459 1880 1493 iam
1909 1457 2019 1493 verbo
2050 1455 2192 1493 διώκειν
2217 1457 2306 1493 satis
2328 1458 2567 1501 contineatur,

391 1527 431 1559 ut
460 1523 537 1559 veri
568 1522 685 1559 simile
714 1532 786 1558 non
816 1522 863 1558 sit
893 1520 1138 1567 Thucydidem
1169 1532 1247 1558 eam
1277 1524 1428 1569 proprio
1458 1523 1635 1560 adiecisse
1664 1524 1851 1560 vocabulo.
1915 1523 1971 1559 De
2009 1523 2182 1559 mutando
2211 1523 2366 1559 articulo
2396 1523 2570 1568 cogitavit

391 1587 605 1633 Dobreus⁷)‚
637 1588 694 1621 cui
723 1589 760 1621 in
790 1588 947 1622 animum
989 1589 1089 1622 venit
1129 1588 1196 1631 pr'o
1226 1589 1289 1623 τοῦ
1320 1587 1370 1636 μὴ
1412 1590 1570 1624 scribere
1611 1587 1651 1624 τὸ
1683 1588 1733 1636 μὴ
1775 1590 1917 1625 collatis
1947 1590 2016 1633 III,
2036 1593 2051 1624 1
2097 1594 2133 1624 et
2162 1590 2225 1633 VI,
2245 1592 2278 1633 1,
2321 1589 2450 1633 quibus
2480 1590 2569 1625 locis

391 1659 474 1698 post
504 1654 614 1688 verba
644 1650 772 1701 εἴργειν
810 1657 846 1688 et
877 1650 1041 1701 ὃιείργειν
1071 1656 1297 1690 accusativus
1326 1654 1455 1691 infinit.
1486 1656 1633 1700 legitur;
1664 1659 1701 1691 at
1730 1655 1815 1691 talis
1845 1653 2044 1691 infinitivus
2074 1665 2145 1691 non
2175 1654 2357 1691 invenitur
2384 1654 2455 1690 nisi
2484 1657 2569 1699 post

391 1718 501 1756 verba
530 1717 749 1765 negativass),
781 1718 886 1764 quale
917 1715 1059 1754 διώκειν
1089 1729 1160 1756 non
1190 1722 1254 1756 est.
1312 1719 1417 1757 Adde
1447 1720 1543 1766 quod
1572 1723 1722 1766 propter
1751 1729 1901 1765 sequens
1931 1720 2156 1756 enuntiatum
2177 1720 2444 1755 consecutivum
2474 1717 2568 1754 ὥστε

392 1781 639 1834 διεφθείροντο
668 1784 884 1828 tautologia,
916 1794 1021 1827 quam
1042 1789 1185 1827 vocant,
1217 1786 1343 1822 oritur.
1400 1787 1521 1821 Aliam
1542 1787 1807 1829 interpretandi
1838 1788 1931 1821 viam
1951 1788 2133 1830 ingressus
2163 1790 2218 1821 est
2240 1786 2457 1829 Classenius,
2488 1797 2566 1820 cum

391 1851 454 1885 τοῦ
486 1848 536 1898 μὴ
565 1846 756 1898 ἐκφεύγειν
786 1850 832 1884 ad
862 1850 1080 1884 adiectivum
1110 1847 1303 1898 ἐμπείρους
1331 1851 1491 1887 referret.
1561 1852 1684 1895 Qualis
1725 1852 1821 1887 enim
1864 1852 1912 1886 sit
1952 1852 2047 1887 ratio
2088 1851 2184 1886 inter
2222 1850 2399 1888 vocabula
2428 1846 2568 1899 ἄπειροι

393 1914 457 1965 μὲν
488 1912 588 1955 ὄντες
617 1920 653 1951 et
683 1911 817 1951 διόδων
846 1910 872 1963 ᾗ
903 1912 977 1964 χρὴ
1007 1912 1186 1964 σωθῆναι,
1216 1916 1326 1952 talem
1356 1917 1580 1953 intercedere
1610 1917 1705 1952 inter
1734 1913 1925 1965 ἐμπείρους
1960 1913 2000 1951 δὲ
2029 1911 2177 1965 ἔχοντες
2205 1913 2287 1955 τοὺς
2317 1914 2513 1955 διώκοντας
2532 1919 2568 1951 et

390 1983 454 2019 τοῦ
484 1980 535 2032 μὴ
564 1977 763 2031 ἐκφεύγειν.
823 1981 901 2025 Qua
930 1982 967 2016 in
997 1981 1302 2026 interpretatione
1332 1982 1519 2027 displicuit
1549 1983 1592 2020 A.
1623 1983 1801 2018 Schoenio
1812 1982 1842 2028 ⁹)
1875 1983 1955 2026 hoc,
1997 1983 2093 2026 quod
2122 1993 2270 2027 prorsus
2300 1983 2476 2017 incertum
2506 1983 2566 2026 sit,

391 2051 471 2093 quis
502 2050 659 2093 effugiat.
718 2049 796 2091 Qua
825 2049 869 2083 de
899 2059 1008 2083 causa
1036 2059 1102 2092 pro
1132 2048 1196 2083 τοῦ
1227 2046 1277 2096 μὴ
1306 2050 1499 2093 proposuit
1529 2044 1570 2084 οὔ
1601 2045 1656 2097 ἦν.
1722 2049 1792 2085 Sed
1821 2059 1865 2085 ne
1901 2049 1990 2084 haec
2020 2048 2164 2093 quidem
2194 2049 2413 2093 coniectura,
2445 2059 2567 2093 quam-

391 2117 445 2152 vis
475 2117 522 2152 sit
551 2126 667 2160 neque
696 2115 743 2151 ad
772 2115 914 2151 litteras
944 2114 1129 2151 dissimilis
1159 2118 1195 2152 et
1225 2114 1271 2151 ad
1301 2115 1515 2151 sententiam
1545 2115 1744 2160 aptissima,
1775 2114 1923 2160 probari
1953 2115 2099 2160 poterit.
2165 2114 2444 2160 Quibuscunque
2473 2115 2567 2150 enim

391 2182 481 2217 locis
511 2178 553 2229 ἦν
584 2181 709 2217 eodem
740 2191 846 2216 sensu
875 2191 918 2216 ac
947 2182 1065 2229 παρῆν
1094 2182 1150 2216 vel
1180 2179 1259 2229 ἐξῆν
1289 2182 1386 2225 apud
1415 2182 1661 2225 Thucydidem
1690 2183 1882 2225 reperitur,
1914 2192 1993 2216 cum
2018 2183 2211 2226 negatione
2241 2182 2467 2217 coniunctum
2498 2184 2565 2225 est,

391 2248 503 2282 veluti
539 2247 668 2291 11‚97,
688 2249 711 2281 4
752 2243 810 2293 (οὐ
841 2244 911 2295 γὰρ
941 2243 984 2294 ἦν
1013 2243 1144 2295 πρᾶξαι
1174 2242 1304 2292 οὐδέν).
1355 2246 1417 2291 IV,
1435 2247 1509 2290 9,2
1551 2242 1609 2292 (οὗ
1647 2243 1715 2295 γὰρ
1752 2242 1794 2295 ἦν
1831 2242 1925 2282 ὅπλα
1961 2273 1971 2282 .
2003 2272 2012 2281 .
2044 2272 2053 2281 .
2084 2243 2326 2295 πορίσασθαι).
2383 2246 2565 2291 1v‚11‚2

392 2309 417 2360 (.
448 2340 455 2348 .
486 2308 553 2347 οὐκ
582 2308 624 2360 ἦν
656 2307 800 2361 [sch01.:
839 2308 881 2346 οὐ
921 2309 1073 2346 δυνατὸν
1103 2308 1159 2362 ἦν]
1191 2337 1201 2346 .
1233 2337 1242 2346 .
1275 2338 1284 2346 .
1315 2311 1536 2361 προσσχεῖν).
1590 2312 1671 2355 VII,
1688 2312 1790 2356 44‚5
1821 2312 1845 2356 (.
1881 2341 1889 2349 .
1927 2339 1934 2347 .
1966 2309 2026 2347 διὰ
2065 2310 2106 2346 τὸ
2149 2309 2200 2360 μὴ
2240 2308 2330 2346 εἶναι
2371 2308 2475 2360 ἄλλῳ
2515 2323 2567 2360 τῳ

391 2375 590 2427 γνωρίσαι).
660 2377 764 2420 Quod
802 2381 923 2412 autem
964 2377 1125 2412 Stahlius
1166 2374 1358 2427 ἐκφεύγειν
1387 2379 1541 2412 mutavit
1583 2378 1620 2411 in
1662 2375 1824 2426 ἐκφρεῖν,
1867 2378 1991 2422 nequit
2031 2377 2194 2422 probari,
2235 2381 2432 2421 propterea
2471 2376 2567 2421 quod

392 2442 637 2487 Nauckius10)
676 2443 836 2478 ostendit
877 2454 919 2478 eo
950 2454 1021 2487 quo
1050 2443 1278 2487 Thucydides
1320 2444 1466 2487 scripsit
1495 2444 1639 2479 sacculo
1680 2442 1781 2479 verbi
1810 2437 1946 2478 ΦΡΕΩ
1988 2443 2142 2479 inveniri
2181 2444 2381 2487 composita
2409 2442 2566 2488 quidem,

392 2510 527 2546 nullam
557 2512 677 2546 autem
706 2507 871 2554 formam,
903 2519 994 2554 quae
1023 2509 1071 2545 sit
1099 2509 1273 2555 temporis
1302 2509 1515 2554 praesentis.
1574 2508 1682 2553 Apud
1711 2508 1954 2553 Thucydidem
1983 2519 2074 2544 unus
2104 2512 2245 2543 tantum
2275 2509 2378 2553 isque
2407 2509 2567 2543 incertus

393 2580 512 2612 exstat
542 2576 655 2623 locus,
686 2575 850 2619 V11,32,
872 2578 905 2620 1,
937 2586 1008 2620 quo
1038 2586 1104 2620 pro
1125 2575 1288 2612 codicum
1318 2576 1555 2620 plurimorum
1577 2572 1800 2624 ὃιαφήσουσι
1829 2576 1952 2612 codice
1965 2576 2178 2611 Britannico
2208 2578 2357 2611 auctore
2386 2575 2431 2611 ab
2444 2575 2567 2611 Hudio

393 2638 622 2691 διαφρήσωσι
651 2641 832 2678 scribitur.
902 2641 1166 2677 Herwerdenus
1202 2642 1355 2686 denique
1394 2642 1505 2678 verba
1539 2641 1603 2677 τοῦ
1641 2639 1691 2689 μὴ
1723 2638 1913 2691 ἐκφεύγειν
1943 2652 1962 2677 e
1991 2645 2095 2677 textu
2126 2641 2252 2686 eiecit,
2295 2651 2387 2686 quae
2416 2640 2566 2677 sanandi

593 2759 618 2802 ¹)
641 2760 856 2800 Nipperdeius
881 2759 922 2790 ad
944 2761 1022 2792 Tac.
1047 2758 1157 2791 Ann.⁶·
1182 2760 1224 2800 11,
1239 2762 1298 2798 593
1323 2761 1451 2800 Daiiger
1475 2760 1598 2792 Histor.
1623 2759 1714 2799 Synt.
1739 2759 1770 2792 d.
1796 2760 1851 2792 lat.
1869 2760 1940 2800 Spr.
1957 2760 1999 2798 11,
2013 2762 2089 2792 834.
2126 2760 2273 2791 Heraeus
2297 2758 2338 2790 ad
2362 2759 2439 2792 Tac.
2454 2757 2565 2791 Hist.⁸·

392 2816 435 2853 ΙΙ,
450 2817 523 2848 100.
570 2814 596 2856 ⁵)
620 2826 651 2855 p,
678 2817 741 2848 502
765 2816 787 2847 l.
813 2825 841 2848 e.
896 2814 923 2856 ³)
947 2826 979 2856 p.
1007 2817 1047 2847 15
1071 2821 1150 2848 extr.
1175 2816 1197 2848 1.
1223 2825 1251 2848 c.
1309 2815 1336 2855 ⁴)
1360 2815 1425 2848 vid.
1450 2826 1482 2856 p.
1510 2817 1560 2847 13.
1615 2813 1642 2854 ⁶)
1660 2820 1824 2855 comparat
1839 2815 2061 2846 Doberenzius
2084 2814 2189 2848 ibid.⁷·
2214 2815 2283 2855 V,8
2307 2819 2387 2847 extr.
2412 2824 2492 2854 quas
2516 2813 2567 2843 sui

393 2871 532 2910 quisque
556 2869 718 2900 commodi
741 2870 863 2900 fecerat
887 2872 945 2911 (sc.
971 2870 1096 2911 naves),
1120 2880 1182 2910 ego
1207 2871 1339 2901 confero
1363 2872 1420 2909 ΙΙΙ,
1438 2872 1498 2902 11:
1532 2870 1671 2900 iniuriae
1695 2875 1889 2900 retentorum
1914 2870 2059 2909 equitum
2083 2870 2311 2901 Romanorum.
2365 2867 2393 2910 ⁶)
2417 2869 2510 2909 ponit
2532 2868 2566 2897 in

393 2925 501 2957 adnot.
525 2924 567 2955 ad
589 2925 615 2964 1,
629 2926 648 2956 4
673 2925 759 2955 hune
782 2925 890 2955 locum
914 2926 948 2954 in
972 2934 1106 2955 numero
1130 2935 1251 2965 eorum,
1286 2926 1404 2965 quibus
1428 2925 1487 2958 inf.
1512 2924 1684 2965 genetivus
1717 2924 1893 2955 eonsilium
1922 2924 2096 2965 significat.
2151 2923 2245 2962 Quod
2268 2923 2309 2954 ad
2331 2924 2415 2961 11,4,
2432 2925 2446 2954 1
2472 2921 2565 2952 vertit

391 2990 439 3022 ⁴so
463 2979 540 3011 dasz
564 2980 612 3010 sie
634 2979 726 3011 nieht
749 2980 919 3010 entfliehen
943 2978 1110 3020 konnten',
1133 2980 1224 3011 nullo
1248 2979 1344 3011 modo
1368 2980 1445 3011 ferri
1468 2984 1585 3020 potest.
1634 2978 1659 3020 ⁷)
1685 2978 1820 3012 Advers.
1846 2980 1916 3012 erit.
1945 2981 2039 3019 1,48.
2097 2979 2125 3021 ⁸)
2149 2979 2213 3011 vid.
2237 2989 2269 3019 p.
2295 2980 2326 3011 7.
2385 2976 2412 3018 ⁹)
2435 2977 2495 3008 Rh.
2520 2975 2565 3007 M.

393 3037 533 3075 22,137.
582 3034 622 3076 ¹⁰)
646 3035 763 3067 Bullet.
789 3035 828 3066 de
851 3034 975 3067 l‘Aead.
1000 3034 1039 3065 de
1063 3036 1109 3067 St.
1135 3036 1353 3076 Petersbourg
1378 3036 1487 3073 &424
1514 3045 1585 3074 sqq.
