2951 3536
1466 230 1515 272 16

402 365 786 412 55,4.88.102,2.
827 367 967 411 106,1.
1025 366 1175 412 V,4‚3.
1222 369 1334 412 11‚3.
1380 370 1492 412 16,1.
1537 370 1648 412 71,1.
1680 369 1742 404 97.
1799 367 1966 411 VI,2‚2.
2012 369 2098 412 9,2.
2134 364 2258 414 '10,2.
2305 372 2417 415 11,4.
2461 369 2576 414 18‚3.

400 434 465 477 49,
482 435 516 471 2.
548 433 612 477 55,
629 434 664 468 2.
696 434 811 477 56,1.
844 433 907 477 68,
924 433 959 468 2.
995 433 1059 477 84,
1076 436 1107 469 1.
1146 435 1212 478 87,
1229 436 1263 471 4.
1307 435 1370 478 92,
1387 436 1421 470 3.
1465 436 1527 477 96,
1545 436 1579 471 2.
1638 434 1720 477 VII,
1737 435 1797 477 12,
1815 435 1849 468 3.
1893 435 1956 476 36,
1971 434 2006 468 3.
2048 436 2112 477 44,
2130 435 2263 480 5(bis).
2310 438 2373 479 62,
2391 438 2424 472 2.
2467 437 2575 472 68.3.

401 498 616 544 70,4(bis).
649 499 763 543 72,3.
794 499 910 543 81,4.
968 498 1070 543 vm,
1090 500 1126 544 2,
1146 500 1180 535 2.
1213 500 1327 544 63,1.
1359 500 1473 544 71,3.
1506 500 1568 543 73,
1587 500 1620 536 3.
1653 500 1716 543 98,
1734 500 1767 536 3.
1837 497 2014 544 Exemplo
2043 501 2128 535 utor
2157 499 2291 545 11,14:
2334 500 2508 551 χαλεπῶς
2537 497 2578 537 δὲ

400 562 519 604 αὐτοῖς
549 563 608 601 διὰ
637 563 678 600 τὸ
710 562 768 600 ἀεὶ
798 561 969 600 εἰωθέναι
998 563 1081 604 τοὺς
1109 564 1266 605 πολλοὺς
1295 564 1331 601 ἐν
1361 565 1432 604 τοῖς
1461 564 1582 614 ἀγροῖς
1611 563 1817 600 διαιτᾶσθαι
1847 563 1870 612 ἡ
1900 562 2093 603 ἀνάστασις
2121 563 2290 612 ἐγίγνετο.

665 639 701 692 β)
729 638 789 678 ἐπί
816 641 864 686 ΙΙ,
882 642 945 686 65,
966 643 988 678 6
1035 641 1138 688 (bis):
1182 639 1292 679 ὁπότε
1332 642 1417 691 γοῦν
1459 639 1620 680 αἴσθοιτό
1656 655 1706 682 τις
1741 638 1872 681 αὐτοὺς
1905 639 2004 691 παρὰ
2043 640 2167 691 καιρὸν
2203 640 2304 692 ὕβρει
2339 641 2576 692 θαρσοῦντας,

399 705 516 756 λέγων
547 704 795 756 κατέπλησσεν
825 705 882 742 ἐπὶ
910 705 951 742 τὸ
982 705 1189 758 φοβεῖσθαι,
1219 706 1280 744 καὶ
1310 705 1475 748 δεδιότας
1505 705 1555 744 αᾶ
1583 705 1728 757 ἀλόγως
1758 705 1988 756 ἀντικαθίστη
2017 705 2123 743 πάλιν
2152 705 2209 743 ἐπὶ
2237 706 2278 743 τὸ
2308 705 2469 758 θαρσεῖν.

664 784 701 832 γ)
729 782 766 824 ἐς
794 785 824 828 Ι,
844 787 906 828 17,
926 788 957 821 1.
989 786 1105 828 22,3.
1136 786 1251 829 23,5.
1283 786 1345 821 56.
1378 788 1441 829 70,
1458 787 1492 821 3.
1523 787 1587 829 87,
1607 790 1638 823 1.
1671 787 1784 829 93,2.
1823 786 1963 829 ],36,4.
2012 785 2061 828 II,
2076 786 2141 829 48,
2159 787 2192 821 2.
2234 785 2430 829 ΙΙΙ,45,4.
2462 787 2577 830 82,8.

399 851 572 895 IV,108,
590 852 624 888 2.
682 851 746 895 VI,
767 853 827 895 12,
845 853 879 889 2.
912 853 975 895 60,
993 852 1027 888 2.
1086 851 1249 894 vn,19‚
1267 853 1300 886 2.
1334 853 1396 895 63,
1414 853 1448 888 2.
1481 852 1692 897 67,3(bis).
1725 853 1840 895 69‚4.
1873 853 1935 894 70,
1953 853 1986 887 3.
2043 852 2145 895 vm,
2167 854 2230 895 40,
2248 853 2281 888 3.
2313 853 2429 894 47‚2.
2460 853 2577 895 83‚1.

398 916 616 961 Exemplum
654 916 822 952 adscribo
862 916 924 960 IV,
956 916 1044 960 108,
1067 916 1107 950 2:
1161 913 1221 950 καὶ
1260 913 1296 950 αἱ
1342 912 1465 955 πόλεις
1500 912 1771 964 πυνθανόμεναι
1813 913 1850 952 αἱ
1889 917 1960 952 τῶν
2002 912 2201 965 Ἀθηναίων
2250 913 2400 964 ὑπήκοοι
2441 917 2504 965 τῆς
2538 928 2578 952 τε

399 973 655 1030 Ἀμφιπόλεως
694 980 756 1029 τὴν
787 978 923 1016 ἅλωσιν
964 979 1025 1015 καὶ
1055 978 1078 1014 ἃ
1107 978 1320 1029 παρέχεται,
1351 979 1413 1028 τήν
1452 993 1490 1016 τε
1521 979 1659 1016 ἐκείνου
1699 982 1763 1026 (sc.
1793 982 1856 1016 τοῦ
1887 977 2086 1030 Βρασίδου)
2113 979 2313 1030 πραότητα,
2345 980 2499 1030 μάλιστα
2531 980 2577 1029 δὴ

400 1044 612 1096 ἐπήρθησαν
643 1044 679 1086 ἐς
706 1044 747 1082 τὸ
777 1043 1013 1096 νεωτερίζειν.

599 1123 844 1160 Difficultates
875 1123 1042 1168 praebuit
1072 1124 1254 1159 nonnullis
1285 1124 1372 1159 viris
1401 1123 1518 1159 doctis
1549 1124 1610 1168 VI⁷
1628 1125 1752 1168 60,2:
1783 1120 1866 1159 καθ’
1891 1120 2029 1173 ἡμέραν
2060 1121 2272 1160 ἐπεδίδοσαν
2304 1123 2441 1173 μᾶλλον
2472 1122 2509 1164 ἐς
2537 1122 2577 1160 τὸ

400 1186 620 1239 ἀγριώτερόν
650 1201 689 1224 τε
719 1186 779 1224 καὶ
808 1186 954 1227 πλείους
983 1184 1033 1223 ἔτι
1063 1186 1341 1238 ξυλλαμβάνειν.
1412 1190 1607 1233 Quaeritur
1644 1190 1750 1233 enim,
1794 1200 1865 1233 qua
1906 1190 2046 1225 ratione
2082 1189 2281 1225 infinitivus
2318 1187 2578 1241 ξυλλαμβάνειν

400 1259 447 1293 sit
477 1256 723 1301 explicandus
782 1255 986 1292 Classenius
1017 1256 1160 1301 quidem
1190 1256 1436 1301 Birkleini01)
1472 1261 1595 1292 secuto
1634 1255 1895 1306 ξυλλαμβάνειν
1935 1259 2178 1292 accusativum
2209 1258 2356 1293 effectus
2386 1259 2576 1302 intellegit,

400 1333 479 1358 cum
509 1323 691 1367 particula
719 1318 759 1357 τέ
791 1321 996 1366 prohibeat,
1028 1322 1218 1367 quominus
1249 1318 1423 1372 ξυλλαμβ.
1455 1322 1501 1358 ad
1530 1319 1567 1362 ἐς
1595 1319 1636 1357 τὸ
1666 1321 1855 1358 referatur.
1913 1322 2057 1358 Nullam
2087 1326 2206 1359 autem
2227 1333 2305 1359 esse
2328 1321 2579 1359 difficultatem

400 1390 437 1424 in
467 1389 648 1433 particula
678 1385 717 1423 τέ
746 1387 975 1423 manifestum
1005 1387 1068 1423 fiet
1098 1389 1241 1423 collatis
1272 1388 1460 1431 11‚51‚4:
1491 1385 1547 1423 ἐπὶ
1576 1385 1683 1423 πλέον
1715 1414 1724 1423 .
1757 1414 1766 1422 .
1799 1414 1809 1423 .
1841 1385 1874 1422 οἱ
1905 1384 2190 1437 διαπεφευγότες
2218 1384 2279 1423 τύν
2308 1399 2348 1423 τε
2378 1385 2579 1436 θνήσκοντα

401 1452 463 1489 καὶ
491 1451 552 1489 τὸν
581 1449 803 1501 πονούμενον
833 1449 1026 1501 ᾠκτίζοντο
1057 1450 1117 1488 διὰ
1146 1451 1186 1487 τὸ
1216 1450 1419 1501 προειδέναι
1464 1465 1503 1488 τε
1541 1451 1601 1489 καὶ
1632 1450 1732 1488 αὐτοὶ
1762 1451 1834 1501 ἤδη
1874 1451 1910 1488 ἐν
1946 1453 1998 1501 τῷ
2029 1450 2224 1502 θαρσαλέῳ
2255 1450 2356 1496 εἶναι,
2399 1454 2442 1496 V,
2462 1456 2579 1498 16,1:

403 1517 530 1567 ἐπειδὴ
560 1516 601 1555 δὲ
632 1545 641 1554 .
674 1545 683 1554 .
716 1545 725 1554 .
756 1516 943 1566 ἐτεθνήκει
973 1513 1105 1554 Κλέων
1134 1531 1174 1554 τε
1203 1516 1263 1554 καὶ
1294 1514 1489 1568 Βρασίδας,
1521 1517 1621 1568 οἵπερ
1651 1516 1916 1568 ἀμφοτέρωθεν
1938 1517 2094 1567 μάλιστα
2115 1518 2341 1567 ἠναντιοῦντο
2370 1522 2414 1567 τῇ
2443 1516 2577 1568 εἰρήνῃ,

405 1584 424 1621 ὃ
455 1583 520 1634 μὲν
552 1582 612 1620 διὰ
641 1582 681 1620 τὸ
713 1581 880 1633 εὐτυχεῖν
909 1596 949 1620 τε
978 1582 1039 1619 καὶ
1068 1581 1242 1633 τιμᾶσθαι
1271 1581 1312 1619 ἐκ
1341 1584 1403 1620 τοῦ
1433 1581 1607 1634 πολέμου,
1639 1583 1658 1620 ὁ
1689 1583 1730 1620 δὲ
1759 1583 1845 1628 κτέ.,
1875 1585 1938 1629 VI,
1956 1588 2019 1630 55,
2037 1587 2078 1621 2:
2116 1583 2177 1621 καὶ
2206 1583 2243 1621 ἐν
2272 1587 2315 1633 τῇ
2345 1582 2436 1633 αὐτῇ
2466 1583 2579 1633 στήλῃ

402 1653 544 1701 πρῶτος
572 1648 770 1700 γέγραπται
811 1648 902 1699 μετὰ
943 1648 1004 1685 τὸν
1046 1647 1199 1699 πατέρα,
1239 1647 1325 1686 οὐδὲ
1365 1651 1469 1686 τοῦτο
1511 1648 1713 1690 ἀπεικότως
1754 1649 1813 1687 διὰ
1853 1650 1893 1687 τὸ
1934 1648 2143 1701 πρεσβεύειν
2183 1663 2222 1687 τε
2263 1648 2323 1687 ἀπ’
2368 1648 2478 1687 αὐτοῦ
2519 1649 2580 1687 καὶ

402 1716 650 1766 τυραννεῦσαι.
694 1716 786 1752 Nam
803 1726 1018 1760 quamquam
1035 1716 1200 1752 hocloco
1215 1727 1287 1752 non
1311 1717 1382 1752 duo
1404 1717 1573 1752 infinitivi
1593 1718 1655 1753 sed
1681 1718 1896 1753 adiectivum
1914 1722 1949 1753 et
1970 1718 2166 1753 infinitivus
2187 1719 2428 1762 reperiuntur,
2446 1722 2577 1761 tamen,

403 1794 483 1820 cum
512 1787 703 1828 utrumque
733 1782 956 1827 vocabulum,
988 1783 1118 1818 cuiest
1148 1782 1292 1818 additus
1322 1784 1496 1818 articulus
1525 1781 1579 1827 τὸ,
1611 1785 1645 1818 in
1678 1784 1893 1819 substantivi
1923 1784 2066 1819 modum
2096 1787 2268 1828 transeat,
2306 1784 2354 1827 id,
2396 1783 2492 1827 quod
2525 1784 2570 1819 de

405 1850 544 1885 duobus
574 1848 764 1883 infinitivis
794 1858 860 1892 per
888 1845 956 1883 τέ.
977 1873 987 1883 .
1007 1845 1071 1882 καί
1098 1849 1300 1883 coniunctis
1329 1848 1470 1894 va1et2),
1502 1849 1610 1884 etiam
1641 1849 1677 1882 in
1707 1847 1922 1884 infinitivum
1952 1852 1988 1884 et
2017 1849 2232 1884 adiectivum
2255 1848 2445 1884 transferri
2474 1858 2581 1893 posse

405 1916 524 1953 credo.
583 1916 712 1959 Itaque
741 1925 814 1951 non
844 1914 1005 1957 offendit,
1049 1915 1144 1958 quod
1181 1918 1265 1949 aute
1295 1911 1558 1963 ξυλλαμβάνειν
1593 1925 1658 1949 nec
1687 1916 1994 1958 praepositionem
2032 1926 2147 1959 neque
2185 1915 2376 1950 articulum
2411 1915 2580 1949 iteratum

404 1982 578 2018 videmus.
636 1980 728 2016 Nam
759 1980 955 2025 I,121‚4:
986 1975 1010 2027 ἢ
1040 1977 1156 2015 δεινὸν
1187 1976 1229 2014 ἄν
1261 1976 1331 2028 εἴη,
1364 1977 1395 2015 εἰ
1424 1977 1456 2015 οἱ
1486 1977 1549 2028 μὲν
1580 1977 1727 2015 ἐκείνων
1744 1976 1929 2029 ξύμμαχοι
1958 1977 2015 2016 ἐπὶ
2036 1978 2183 2028 δουλείᾳ
2202 1981 2245 2029 τῆ
2266 1977 2384 2016 αὑτῶν
2414 1976 2581 2029 φέροντες

407 2044 475 2083 οὐκ
504 2044 711 2095 ἀπεροῦσιν,
742 2043 846 2095 ἡμεῖς
875 2041 969 2081 δ’ἐπὶ
988 2045 1040 2094 τῷ
1059 2042 1326 2094 τιμωρούμενοι
1345 2043 1427 2085 τοὺς
1447 2043 1605 2095 ἐχθροὺς
1624 2043 1685 2081 καὶ
1706 2042 1806 2081 αὐτοὶ
1827 2043 1905 2095 ἅμα
1926 2043 2108 2087 σώζεσθαι
2138 2043 2203 2082 οὐκ
2233 2043 2304 2096 ἄρα
2326 2043 2580 2094 δαπανήσομεν

404 2111 468 2148 καὶ
497 2110 555 2148 ἐπὶ
583 2112 635 2160 τῷ
666 2109 716 2159 μὴ
747 2108 803 2146 ὑπ’
837 2109 984 2146 ἐκείνων
1015 2107 1107 2146 αὐτὰ
1138 2108 1399 2159 ἀφαιρεθέντες
1429 2108 1548 2150 αὐτοῖς
1576 2108 1711 2151 τούτοις
1739 2113 1862 2151 κακῶς
1889 2111 2044 2160 πάσχειν
2074 2113 2301 2157 Thucydides
2336 2113 2445 2147 etiam
2474 2112 2579 2147 alteri

405 2178 585 2215 infinitivo
615 2182 651 2214 et
681 2178 987 2223 praepositionem
1018 2181 1055 2213 et
1084 2177 1276 2213 articulum
1307 2177 1353 2214 ob
1384 2188 1462 2214 eam
1492 2188 1567 2213 rem
1597 2177 1774 2222 adiunxit,
1806 2178 1902 2223 quod
1923 2178 2068 2214 verbum
2099 2178 2239 2215 finitum
2260 2179 2355 2214 inter
2383 2177 2580 2214 infinitivos

406 2245 678 2290 coniungendos
708 2245 934 2289 interposuit.
1005 2244 1103 2288 Quae
1139 2255 1218 2279 cum
1255 2246 1307 2280 ita
1342 2245 1426 2288 sint,
1465 2244 1633 2288 displicet
1669 2245 1877 2280 coniectura
1906 2244 2098 2289 Kruegeri,
2142 2245 2215 2290 qui,
2257 2248 2296 2280 ut
2325 2248 2409 2280 ante
2437 2241 2582 2283 πλείους

406 2314 628 2347 insereretur
647 2309 701 2355 τὸ,
732 2312 942 2355 proposuit;
972 2310 1102 2346 referri
1123 2312 1216 2346 enim
1236 2322 1308 2346 non
1329 2321 1435 2354 posse
1453 2308 1507 2354 τὸ,
1539 2311 1633 2353 quod
1654 2314 1738 2345 ante
1758 2308 1975 2358 ἀγριώτερον
1996 2315 2062 2354 est,
2094 2311 2139 2345 ad
2159 2310 2286 2345 infinit.
2308 2308 2580 2359 ξυλλαμβάνειν.

409 2378 531 2422 Atque
563 2377 623 2413 hic
654 2377 833 2422 quispiam
876 2377 1040 2412 attulerit
1081 2376 1126 2412 ad
1168 2377 1419 2412 stabiliendam
1451 2376 1628 2421 Kruegeri
1669 2377 1882 2411 sententiam
1912 2376 2022 2412 Thuc.
2060 2376 2277 2421 V11,63,2:
2319 2405 2326 2412 .
2357 2405 2364 2412 .
2395 2405 2403 2412 .
2432 2374 2492 2411 καὶ
2520 2377 2582 2424 τῆς

406 2441 525 2492 ἀρχῆς
553 2444 616 2491 τῆς
646 2439 826 2491 ἡμετέρας
855 2439 922 2476 οὐκ
951 2438 1106 2477 ἔλασσον
1136 2440 1229 2477 κατὰ
1267 2440 1307 2476 τὸ
1339 2439 1577 2491 ὠφελεῖσθαι,
1623 2437 1658 2480 ἔς
1697 2453 1736 2476 τε
1770 2439 1810 2476 τὸ
1841 2438 2000 2491 φοβερὸν
2043 2441 2115 2481 τοῖς
2152 2438 2324 2490 ὑπηκόοις
2358 2439 2419 2476 καὶ
2453 2439 2493 2476 τὸ
2530 2439 2580 2490 μὴ

407 2506 612 2545 ἀδικεῖσθαι
640 2506 734 2544 πολὺ
764 2507 887 2544 πλεῖον
918 2506 1119 2557 μετείχετε,
1151 2510 1206 2544 vel
1236 2509 1362 2553 Eurip.
1392 2509 1535 2545 Heracl.
1569 2509 1665 2543 240:
1712 2505 1852 2556 τρισσαί
1885 2504 1919 2555 μ’
1954 2506 2199 2555 ἀναγκάζουσι
2236 2508 2424 2556 συμφορᾶς
2454 2505 2579 2556 ὁδοί,[

407 2601 626 2611 ......
640 2571 711 2624 [τὸ
742 2570 911 2622 συγγενές
950 2585 990 2610 τε
1027 2571 1089 2610 καὶ
1116 2571 1157 2610 τὸ
1186 2570 1418 2623 προύφείλειν
1458 2573 1582 2614 καλῶς
1593 2570 1795 2623 [πράσσειν
1833 2570 1916 2623 παρ’
1950 2572 2053 2623 ἡμῶν
2094 2570 2224 2610 τούσδε
2260 2570 2430 2622 πατρῴαν
2461 2572 2579 2623 χάριν,

405 2644 462 2677 vel
492 2642 602 2686 Soph.
633 2641 720 2676 Oed.
758 2641 832 2678 Col.
879 2642 999 2677 1127:
1041 2668 1048 2676 .
1080 2669 1087 2676 .
1119 2669 1126 2676 .
1168 2638 1244 2676 ἐπεὶ
1284 2637 1324 2675 τύ
1355 2637 1385 2689 γ’
1420 2637 1598 2691 εὐσεβὲς]
1615 2636 1735 2689 μόνοις
1764 2636 1846 2690 παρ’
1895 2637 1975 2689 ὑμῖν
2006 2636 2116 2690 ηὗρον
2157 2637 2361 2690 ἀνθρώπων
2402 2636 2506 2690 ἐγὼ]
2521 2636 2581 2675 καὶ

405 2705 603 2747 τούπιεικὲς
631 2705 693 2743 καὶ
720 2705 760 2743 τὸ
793 2706 842 2756 μὴ
872 2706 1145 2757 ψευδοστομεῖν.
1205 2708 1272 2751 Qui
1303 2711 1377 2743 tres
1407 2709 1478 2744 loci
1508 2709 1594 2752 quin
1625 2708 1696 2742 sint
1721 2708 1911 2743 admodum
1942 2708 2087 2752 diversi,
2119 2709 2199 2752 quis
2229 2711 2295 2751 est,
2326 2708 2387 2751 qui
2417 2705 2581 2742 dubitet?

405 2775 499 2811 Nam
529 2785 608 2810 cum
638 2774 702 2819 VI,
718 2775 781 2819 60,
799 2776 820 2810 2
851 2775 1028 2819 notiones,
1061 2784 1152 2819 quae
1182 2774 1362 2810 adiectivo
1394 2778 1429 2810 et
1459 2773 1638 2810 infinitivo
1668 2774 1909 2818 continentur,
1950 2774 2025 2810 eius
2061 2774 2158 2810 modi
2188 2774 2271 2818 sint,
2308 2776 2348 2809 ut
2383 2771 2581 2808 infinitivus

405 2842 624 2877 adiectivum
654 2842 860 2877 accuratius
890 2841 1050 2885 definiat,
1083 2842 1173 2877 locis
1203 2852 1313 2885 supra
1342 2842 1462 2876 allatis
1493 2841 1601 2876 etiam
1640 2839 1819 2876 infinitivo
1854 2840 1999 2876 additus
2037 2844 2091 2876 est
2132 2840 2317 2883 articulus,
2354 2839 2449 2883 quod
2480 2847 2580 2873 suum

607 3003 631 3044 ¹)
656 3014 687 3043 p.
714 3005 754 3035 56
778 3004 799 3035 l.
825 3013 852 3035 c.
901 3002 926 3044 ἵ)
951 3003 1015 3036 vid.
1040 3014 1070 3043 p.
1100 3006 1149 3036 19.
