2952 3563
1493 229 1546 269 22

629 363 841 408 Inspicienti
870 363 965 399 hunc
994 364 1150 399 indicem
1181 365 1423 400 narrationem
1454 369 1490 400 et
1520 366 1719 400 orationem
1758 375 1824 399 nos
1862 364 2075 400 discrevisse
2115 365 2319 409 apparebit,
2361 370 2400 401 ut
2436 365 2606 411 cognosci

430 434 565 474 posset,
598 430 714 474 qualis
743 430 811 464 hac
840 430 877 464 in
906 440 945 465 re
974 431 1071 465 inter
1090 432 1335 467 narrationem
1366 435 1401 466 et
1431 431 1632 466 orationem
1661 429 1902 465 intercederet
1922 431 2029 466 ratio.
2073 430 2218 466 Summa
2246 431 2358 475 igitur
2388 433 2542 467 collecta
2571 435 2607 467 et

430 506 553 530 eorum
582 496 756 538 locorum,
799 496 861 539 qui
891 496 936 530 ad
966 497 1214 531 narrationem
1245 501 1281 532 et
1310 507 1447 540 eorum,
1490 498 1551 541 qui
1581 496 1626 532 ad
1656 497 1856 532 orationem
1886 499 2063 540 spectant,
2094 495 2311 532 infinitivum
2341 507 2421 532 cum
2450 497 2605 533 articulo

430 562 659 597 coniunctum
689 561 750 598 hic
778 571 893 606 aeque
923 561 1090 598 crebrum
1121 573 1199 599 esse
1229 566 1338 608 atque
1366 563 1443 599 illic
1468 562 1679 600 videbimus.
1737 561 1823 598 Cum
1844 565 1963 598 autem
1984 562 2167 598 orationes
2188 562 2350 607 quintam
2370 560 2445 598 fere
2465 566 2605 607 partem

430 629 551 672 operis
591 627 816 673 Thucydidei
858 628 1028 674 efficiant,
1078 630 1181 665 illum
1221 629 1391 666 infinitivi
1430 640 1533 666 usum
1564 633 1735 675 quattuor
1767 628 1933 675 partibus
1968 629 2139 665 maiorem
2175 639 2252 665 esse
2291 629 2329 664 in
2358 629 2404 665 iis
2433 639 2538 674 quam
2568 630 2605 665 in

429 695 639 731 narratione
668 698 780 739 patet.
798 693 827 740 ¹)

627 760 805 796 Infinitivi
845 765 966 797 autem
1006 772 1086 797 cum
1127 762 1282 798 articulo
1324 762 1507 798 coniuncti
1547 773 1649 798 usum
1689 762 1786 806 apud
1822 761 2066 807 Thucydidem
2105 772 2183 797 esse
2212 762 2466 797 creberrimum
2496 764 2605 806 atque

428 827 689 872 amplissimum
720 827 855 873 optime
884 826 1113 864 manifestum
1142 826 1217 873 fiet,
1249 828 1279 863 si
1308 827 1403 863 hunc
1432 828 1646 873 scriptorem
1676 838 1755 864 cum
1785 828 1867 864 aliis
1897 831 1933 864 et
1962 827 2146 864 historicis
2176 830 2212 864 et
2233 826 2437 863 oratoribus
2458 829 2604 862 conten-

428 894 598 931 derimus.
657 894 769 938 Quem
799 894 845 930 ad
875 893 982 930 finem
1011 895 1164 939 sumptis
1193 894 1448 939 Xenophontis
1478 895 1633 931 historia
1662 895 1802 931 Graeca
1831 898 1867 930 et
1896 895 1990 931 Isaei
2021 894 2247 930 orationibus
2277 904 2356 929 cum
2397 897 2538 929 centum
2568 896 2604 929 et

428 961 692 1006 quinquaginta
720 961 876 1006 paginae
904 960 1175 997 Teubner-ianae
1205 961 1326 1006 operis
1355 961 1579 1006 Thucydidei
1609 964 1751 996 centum
1781 965 1817 996 et
1854 961 2020 997 undecim
2056 962 2222 1005 exempla
2250 960 2420 996 infinitivi
2449 960 2604 996 articulo

428 1028 598 1062 instructi
639 1028 859 1071 contineant,
901 1028 939 1062 in
980 1027 1131 1063 totidem
1172 1027 1315 1073 paginis
1357 1026 1516 1063 eiusdem
1552 1027 1722 1063 editionis
1762 1026 2015 1071 Xenophontis
2044 1027 2233 1063 historiam
2264 1027 2438 1063 Graecam
2468 1027 2539 1062 duo
2568 1030 2604 1062 et

428 1093 629 1138 sexaginta,
669 1096 807 1137 septem
837 1096 873 1128 et
903 1092 1056 1138 triginta
1084 1092 1179 1127 Isaei
1209 1094 1392 1128 orationes
1421 1092 1596 1137 praebere
1625 1093 1757 1129 inveni.
1814 1093 1891 1127 Nec
1920 1093 2034 1128 solum
2065 1103 2214 1128 numero
2245 1093 2307 1128 sed
2337 1094 2444 1128 etiam
2474 1103 2604 1137 genere

427 1159 516 1194 haec
545 1160 711 1203 exempla
740 1160 785 1194 ab
815 1160 888 1194 illis
918 1159 1099 1196 differunt.
1156 1159 1353 1204 Reperitur
1382 1160 1476 1195 enim
1505 1159 1602 1204 apud
1630 1159 1909 1203 Xenophontem
1939 1162 1975 1194 et
2004 1158 2145 1194 Isaeum
2170 1158 2260 1194 illud
2279 1158 2472 1194 locutionis
2492 1169 2604 1204 genus

425 1225 583 1261 maxima
612 1236 656 1261 ex
686 1229 790 1269 parte
820 1228 884 1261 aut
913 1225 1067 1261 subiecti
1097 1228 1160 1261 aut
1189 1225 1323 1262 obiecti
1364 1226 1445 1262 loco
1475 1229 1537 1261 aut
1576 1235 1620 1261 ex
1657 1224 1987 1270 praepositionibus
2017 1227 2152 1269 aptum.
2209 1223 2375 1268 Denique
2404 1224 2435 1259 si
2464 1224 2605 1260 addita-

425 1295 547 1327 menta
576 1290 756 1328 infinitivo
787 1292 943 1327 articulo
973 1292 1153 1328 instructo
1183 1291 1291 1337 facta,
1324 1302 1416 1337 quae
1446 1292 1635 1337 quominus
1664 1291 1870 1327 accuratius
1891 1300 2069 1335 exponam
2094 1290 2219 1334 inopia
2243 1290 2353 1334 spatii
2377 1290 2603 1335 suppeditati

424 1358 615 1401 impedior,
655 1358 819 1402 respicis,
869 1358 975 1402 plura
1016 1358 1160 1394 adiecta
1188 1369 1260 1394 non
1289 1359 1450 1402 reperies
1480 1368 1586 1402 quam
1614 1358 1684 1393 hoc
1712 1357 1967 1402 Xenophontis
1998 1357 2090 1401 loco,
2122 1356 2166 1393 H.
2198 1356 2259 1392 Gr.
2289 1357 2318 1400 I,
2336 1357 2430 1399 6,8:
2474 1353 2533 1391 διὰ
2561 1354 2601 1391 τὸ

426 1420 612 1462 οἰκοῦντας
641 1420 677 1459 ἐν
708 1420 903 1473 βαρβάροις
930 1422 1081 1460 πλεῖστα
1111 1421 1209 1460 κακὰ
1238 1420 1310 1473 ἤδη
1341 1420 1396 1460 ὑπ’
1432 1420 1550 1460 αὐτῶν
1579 1419 1808 1460 πεπονθέναι.

624 1730 752 1767 Restat
781 1731 947 1775 denique,
978 1734 1018 1766 ut
1047 1741 1108 1766 eos
1139 1741 1228 1775 quos
1257 1730 1403 1766 uberius
1433 1732 1667 1766 tractavimus
1698 1731 1796 1766 locos
1825 1730 2033 1765 indicemus.
2091 1729 2182 1765 Sunt
2212 1730 2268 1764 hi:

651 1797 681 1840 1,
713 1798 817 1840 42,3.
876 1824 884 1832 .
942 1826 949 1833 .
1008 1826 1015 1834 .
1074 1808 1107 1841 p.
1169 1798 1202 1832 5.
1511 1794 1516 1846 Ι
1757 1796 1801 1839 V,
1862 1797 1936 1839 9,6.
1997 1824 2004 1832 .
2063 1825 2070 1832 .
2129 1825 2136 1832 .
2195 1807 2228 1839 p.
2297 1797 2330 1830 6.

712 1864 817 1908 45,2.
875 1892 883 1899 .
942 1892 949 1899 .
1007 1892 1014 1899 .
1083 1892 1104 1907 „
1147 1865 1193 1899 13
1226 1875 1278 1908 sq.
1735 1862 1798 1906 VI,
1833 1863 1893 1898 14.
1995 1891 2003 1898 .
2061 1891 2069 1898 .
2127 1893 2134 1899 .
2202 1890 2225 1907 ‚‚
2266 1864 2310 1897 11
2344 1872 2421 1907 sqq.

713 1931 815 1973 71,1.
876 1960 883 1966 .
942 1957 949 1964 .
1008 1960 1015 1966 .
1083 1958 1105 1973 „
1148 1932 1194 1965 17
1227 1940 1278 1974 sq.
1834 1929 1937 1972 60,2.
1996 1956 2003 1963 .
2063 1958 2069 1964 .
2130 1956 2137 1963 .
2205 1956 2226 1972 „
2268 1929 2315 1962 16
2348 1938 2399 1972 sq.

711 1995 816 2039 87,4.
874 2022 881 2029 .
941 2022 948 2029 .
1006 2023 1013 2031 .
1082 2022 1104 2039 „
1171 1996 1205 2029 9.
1718 1994 1800 2037 VII,
1833 1996 1938 2037 21,2.
1996 2023 2003 2029 .
2064 2022 2071 2028 .
2130 2023 2137 2029 .
2208 2021 2229 2036 „
2271 1996 2329 2029 14.

628 2061 677 2103 II,
736 2063 814 2102 4‚1.
872 2089 880 2096 .
939 2088 947 2095 .
1005 2090 1012 2096 .
1081 2089 1103 2104 „
1145 2064 1193 2095 10
1225 2072 1278 2104 sq.
1836 2062 1938 2103 28,3.
1997 2088 2004 2095 .
2063 2088 2070 2095 .
2129 2089 2136 2096 .
2204 2087 2226 2102 „
2293 2062 2327 2095 6.

712 2128 817 2170 87,1.
876 2157 883 2164 .
942 2155 949 2162 .
1008 2157 1014 2163 .
1083 2155 1106 2171 ,,
1172 2128 1196 2162 8
1227 2138 1279 2171 sq.
1833 2125 1938 2170 43,5.
1997 2156 2004 2163 .
2063 2156 2070 2162 .
2129 2154 2136 2161 .
2203 2154 2225 2170 „
2266 2125 2326 2161 13.

687 2193 815 2237 102,3.
874 2221 882 2228 .
939 2221 946 2228 .
1006 2220 1015 2228 .
1084 2221 1106 2237 „
1147 2193 1207 2228 15.
1835 2192 1939 2235 67,1.
1996 2219 2003 2226 .
2062 2221 2069 2228 .
2128 2221 2135 2227 .
2204 2219 2226 2235 „
2293 2193 2326 2226 9.

1338 2330 1681 2383 Addenda

620 2447 653 2480 p.
685 2436 819 2472 4B1a
847 2437 986 2471 inseras
1015 2436 1122 2471 velim
1151 2439 1235 2480 post
1263 2436 1477 2480 V11,27‚2.
1508 2434 1721 2479 V11‚62‚4.

621 2587 646 2628 ¹)
671 2588 883 2618 Behrendtius
907 2598 938 2627 p.
964 2589 1003 2618 21
1030 2587 1052 2619 l.
1077 2597 1104 2619 c,
1130 2586 1264 2618 eandem
1288 2588 1447 2618 rationem
1471 2586 1615 2626 praebet.
