2898 3607
1393 247 1416 280 ἶ)

518 378 732 413 Aecuratius
764 379 973 413 tractandus
1004 378 1145 413 videtur
1174 379 1336 422 1,42‚3‚
1369 380 1468 413 euius
1499 379 1569 414 loci
1601 379 1710 413 verba
1740 382 1822 412 suut
1853 379 1957 412 hacc:
1988 376 2027 412 τὸ
2058 375 2126 425 γὰρ
2158 376 2208 425 μὴ
2239 375 2375 412 ἀδικεῖν
2412 375 2492 416 τους

321 441 467 493 ὁμοίους
495 440 710 492 ἐχυρωτέρα
740 440 889 492 δύναμις
919 441 941 491 ἢ
965 443 1017 492 τῷ
1047 440 1176 479 αὐτίκα
1201 444 1350 493 φανερῷ
1375 441 1598 493 ἐπαρθέντας
1628 441 1687 478 διὰ
1708 440 1880 478 κινδύνων
1910 442 1949 479 τὸ
1972 440 2081 479 πλέον
2111 438 2224 492 ἔχειν.
2284 444 2489 487 Quaeritur,

319 514 441 546 utrum
470 511 645 545 articulus
674 507 727 554 τὸ,
768 511 828 554 qui
871 514 926 546 est
955 515 1038 546 ante
1068 507 1189 553 πλέον,
1228 511 1274 546 ad
1303 508 1412 546 πλέον
1451 522 1496 546 an
1526 510 1572 546 ad
1602 505 1700 558 ἔχειν
1731 510 1922 554 pertineat.
1991 510 2119 556 Poppo
2149 510 2293 555 quidem
2323 509 2369 545 ad
2399 510 2493 545 hune

320 577 438 611 locum
467 575 635 611 adnotat:
680 576 862 620 ,articulus
891 573 931 611 τὸ
961 576 1008 611 ad
1027 571 1135 624 ,ἔχειν
1164 580 1285 620 potest
1313 576 1523 612 referendus
1558 576 1685 619 videri,
1729 576 1799 611 nisi
1840 586 1919 611 eum
1949 576 1994 611 ad
2023 572 2132 611 πλέον
2168 576 2281 611 mavis
2311 578 2489 620 spectare,

320 644 359 675 ut
388 638 428 675 τὸ
458 637 566 675 πλέον
597 642 644 675 sit
673 642 795 685 potior
824 642 938 685 locus,
970 643 1099 677 melior
1128 642 1314 678 condicio'.
1381 642 1557 677 Similiter
1585 641 1792 686 Kruegerus
1823 642 2070 685 quaestionem
2101 642 2137 676 in
2168 641 2278 677 dubio
2308 641 2492 685 relinquit.

321 705 526 741 Classenius
556 717 769 751 quamquam
800 708 901 742 artie.
931 705 972 741 τὸ
1003 707 1048 742 ad
1077 704 1186 741 πλέον
1226 706 1349 751 refert,
1392 708 1523 741 mutari
1553 710 1673 742 tamen
1713 718 1792 742 eum
1830 708 1907 741 vult
1936 708 1972 740 in
2002 704 2045 748 τὶ,
2086 718 2164 741 cum
2199 704 2239 741 τὸ
2269 704 2378 741 πλέον
2408 717 2492 741 0011-

321 773 503 807 suetudini
532 777 718 817 repugnet.
776 774 877 816 Quod
908 778 1002 808 esset
1032 784 1167 816 verum,
1210 774 1240 808 si
1269 770 1377 808 πλέον
1417 784 1495 808 cum
1525 768 1625 821 ἔχειν
1656 774 1882 808 coniunctum
1923 773 1991 808 hoc
2021 774 2100 808 loco
2131 774 2312 808 notionem
2342 772 2490 807 haberet

320 838 489 874 usitatam
531 841 566 874 et
608 838 701 875 idem
730 840 945 876 valeret-ac
983 838 1221 875 πλεονεκτεῖν.
1292 839 1362 875 Sed
1404 850 1482 875 cum
1512 839 1570 875 hic
1600 838 1719 875 verbis
1757 835 1797 873 τὸ
1827 835 1935 873 πλέον
1967 839 2066 875 100115
2097 839 2274 883 superior,
2319 839 2355 873 in
2387 849 2490 883 quem

321 903 561 939 Athenienses
591 904 765 941 societate
795 916 872 940 eum
904 905 1117 950 Corcyraeis
1147 905 1238 940 inita
1267 906 1339 940 sint
1368 905 1587 950 perventuri,
1621 904 1855 949 significetur,
1887 905 1931 939 ad
1961 901 2069 939 πλέον
2100 905 2291 939 articulum
2323 908 2489 948 spectare

321 975 421 1013 puto,
454 982 524 1013 qua
553 973 589 1005 in
620 982 658 1005 re
688 983 886 1014 pronomen
916 972 1153 1015 indefinitum,
1194 973 1289 1015 quod
1330 973 1375 1006 ab
1406 973 1649 1007 Herwcrdeno
1691 975 1727 1006 in
1765 977 1902 1006 textum
1933 976 2116 1015 receptum
2146 972 2263 1013 video,
2306 972 2355 1013 id,
2398 972 2493 1014 quod

322 1035 561 1080 desideratur,
593 1037 696 1072 valde
726 1037 958 1073 deminueret.
1021 1036 1180 1073 Maxime
1218 1041 1337 1073 autem
1368 1038 1560 1073 collocatio
1596 1037 1787 1073 verborum
1828 1037 1879 1085 τῷ
1920 1033 2048 1072 αὐτίκα
2079 1036 2227 1085 φανερῷ
2257 1033 2492 1085 ἐπαρθέντας,

322 1104 362 1135 ut
390 1099 430 1135 τὸ
460 1101 506 1136 ad
535 1098 643 1136 πλέον
672 1101 863 1149 referatur,
894 1103 1066 1146 postulat.
1135 1102 1411 1146 Quibuscunque
1442 1103 1535 1137 enini
1567 1103 1655 1138 locis
1685 1103 1880 1146 participia
1909 1113 1974 1146 pro
2005 1103 2216 1146 praedicato
2247 1102 2408 1137 subiecto
2440 1103 2493 1136 in-

322 1167 452 1201 finitivi
481 1169 634 1202 articulo
664 1168 832 1202 instructi
861 1168 985 1202 addita
1005 1169 1247 1212 reperiuntur,
1279 1169 1374 1204 inter
1403 1169 1595 1203 articulum
1625 1174 1659 1203 et
1682 1168 1896 1203 infinitivum
1916 1180 2016 1203 suum
2038 1173 2161 1203 tenent
2183 1170 2309 1205 10011111.
2366 1169 2492 1203 Laudo

324 1232 372 1276 ΙΙ,
392 1235 452 1276 11,
470 1234 508 1267 3:
540 1230 598 1268 διὰ
627 1230 667 1267 τὸ
684 1232 997 1282 καταφρονοῦντας
1013 1230 1290 1282 ἀπαρασκεύους
1312 1230 1471 1281 γενέθαι.
1530 1234 1592 1277 VI,
1609 1235 1673 1277 80,
1694 1237 1730 1268 1:
1760 1231 1800 1268 τὸ
1823 1230 2033 1281 μηδετέροις
2053 1231 2099 1281 δὴ
2122 1232 2171 1272 ὡς
2193 1230 2252 1268 καὶ
2275 1229 2492 1282 ἀμφοτέρων

324 1294 428 1337 ὂντας
468 1296 683 1346 Ευμμοίχους
722 1296 881 1347 βοηθεῖν.
954 1300 1017 1343 IV,
1045 1301 1105 1343 18,
1131 1301 1170 1334 3:
1222 1297 1281 1334 διὰ
1321 1297 1361 1334 τὸ
1404 1298 1454 1347 μὴ
1495 1299 1546 1347 τῷ
1588 1296 1801 1347 ὀρθουμένῳ
1844 1296 1954 1334 αὐτοῦ
1996 1296 2219 1338 πιστεύοντες
2261 1296 2491 1346 ἐπαίρεσθαι.

324 1365 523 1407 V1‚34‚8:
553 1362 592 1398 τὸ
624 1360 732 1412 δ’ἤδη
763 1362 825 1403 τὰς
856 1362 947 1412 μετὰ
977 1362 1095 1413 φόβου
1126 1362 1368 1413 παρασκευὰς
1396 1362 1675 1413 ἀσφαλεστοίτας
1704 1363 1917 1413 νομίσαντας
1948 1364 1997 1404 ὡς
2026 1363 2083 1399 ἐπὶ
2103 1361 2276 1400 κινδύνων
2306 1363 2491 1412 πράσσειν.

324 1430 542 1473 V11,44,5:
574 1427 633 1465 διὰ
662 1428 701 1465 τὸ
733 1430 949 1478 κρατοῦντας
979 1428 1109 1469 αὐτοὺς
1137 1428 1198 1465 καὶ
1229 1428 1279 1478 μὴ
1310 1428 1594 1479 διεσπασμένους
1623 1428 1732 1478 ἧσσον
1763 1429 1985 1478 ἀγνοεῖσθαι.
2045 1431 2074 1473 I,
2094 1432 2183 1473 121,
2201 1433 2243 1465 4:
2275 1427 2332 1465 ἐπὶ
2360 1430 2412 1477 τῷ
2442 1427 2493 1477 μὴ

324 1491 380 1529 ὑπ’
414 1493 560 1530 ἐκείνων
591 1493 683 1531 αὐτὰ
713 1493 971 1545 ἀφαιρεθέντες
1001 1493 1120 1535 αὐτοῖς
1148 1493 1285 1535 τούτοις
1314 1497 1437 1535 κακῶς
1456 1495 1625 1545 πάσχειν.
1686 1497 1714 1540 I,
1732 1499 1795 1540 37,
1813 1498 1852 1531 2:
1884 1494 1943 1531 διὰ
1972 1494 2012 1531 τὸ
2035 1495 2163 1544 ἥκιστα
2183 1493 2240 1530 ἐπὶ
2269 1493 2351 1534 τους
2379 1492 2492 1533 πέλας

325 1557 542 1600 ἐκπλέοντας
573 1559 728 1610 μάλιστα
757 1560 839 1601 τοὺς
868 1558 1004 1601 ἄλλους
1034 1559 1176 1610 ἀνάγκῃ
1206 1560 1440 1610 καταίροντας
1476 1559 1666 1611 δέχεσθαι.
1735 1563 1813 1606 Qua
1842 1563 1886 1598 de
1925 1573 2032 1598 eausa
2067 1562 2292 1607 repudianda
2333 1566 2384 1597 est
2417 1572 2495 1596 sen-

325 1628 439 1662 tentia
469 1627 610 1671 Stahlii,
643 1629 704 1672 qui
733 1629 925 1663 articulum
954 1626 994 1663 τὸ
1025 1629 1071 1664 ad
1100 1628 1232 1664 infinit.
1261 1624 1361 1677 ἔχειν
1391 1631 1575 1673 pertinere
1605 1630 1691 1664 vult.

522 1694 598 1728 Iam
638 1694 753 1729 oritur
792 1695 969 1738 quaestio,
1012 1694 1211 1729 infinitivus
1241 1690 1339 1742 ἔχειν
1380 1695 1495 1738 possit
1537 1705 1662 1730 carere
1703 1695 1857 1730 articulo
1898 1705 2020 1731 necne.
2091 1694 2267 1738 Equidem
2303 1695 2494 1729 articulum

325 1759 443 1795 omitti
473 1769 579 1803 posse
620 1770 723 1804 nego,
767 1760 874 1804 quod,
919 1760 1047 1805 quibus
1090 1761 1178 1796 locis
1219 1759 1418 1795 infinitivus
1458 1761 1638 1805 particula
1672 1757 1694 1807 ἦ
1734 1760 2029 1795 antecedentibus
2071 1761 2277 1803 opponitur,
2320 1760 2494 1794 amiculus

325 1825 487 1859 adiectus
518 1828 581 1860 est.
653 1824 824 1860 Conferas
865 1827 971 1860 velim
1014 1826 1180 1869 I,70,5:
1224 1851 1233 1859 .
1266 1850 1274 1858 .
1307 1851 1316 1859 .
1360 1822 1602 1860 ἀπολαύουσιν
1643 1823 1820 1874 ἐλάχιστα
1861 1827 1931 1859 τῶν
1974 1822 2212 1874 ὑπαρχόντων
2254 1823 2313 1859 διὰ
2354 1822 2394 1858 τὸ
2438 1822 2495 1858 ἀεὶ

325 1888 478 1925 κτᾶσθαι
508 1888 568 1924 καὶ
599 1888 689 1938 μὴτε
718 1889 843 1939 ἑορτὴν
874 1888 965 1926 ἄλλο
994 1904 1025 1926 τι
1056 1889 1223 1938 ἡγεῖσθαι
1262 1889 1284 1938 ἦ
1323 1890 1363 1927 τὸ
1394 1889 1437 1927 τὰ
1468 1889 1594 1926 δέοντα
1623 1889 1753 1939 πρᾶξαι
1790 1897 1825 1926 et
1862 1892 2049 1935 11‚42‚3:
2094 1917 2103 1926 .
2135 1917 2144 1925 .
2177 1917 2186 1926 .
2219 1889 2258 1926 τὸ
2290 1887 2494 1938 ἀμύνεσθαι

327 1953 387 1991 καὶ
414 1954 543 1991 παθεῖν
575 1955 711 2003 μᾶλλον
742 1954 965 2005 ἡγησάμενοι
1003 1954 1025 2004 ἦ
1066 1954 1106 1992 τὸ
1137 1953 1298 1996 ἐνδόντες
1339 1954 1524 1997 σώζεσθαι
1566 1954 1606 1992 τὸ
1649 1954 1713 2004 μὲν
1753 1954 1905 2005 αἰσχρὸν
1946 1957 2007 1992 τοῦ
2048 1953 2158 2004 λόγου
2189 1953 2322 2005 ἐφυγον
2359 1982 2367 1991 .
2400 1982 2409 1991 .
2442 1982 2451 1991 .
2484 1982 2492 1990 .

327 2021 463 2065 Quibus
493 2022 609 2056 causis
639 2022 740 2058 artic.
781 2019 820 2056 τὸ
862 2023 976 2066 ipsam
1011 2026 1093 2066 post
1128 2023 1342 2066 particulam
1373 2019 1395 2069 ἦ
1436 2026 1472 2056 et
1510 2026 1593 2056 ante
1631 2022 1806 2057 voeabula
1839 2023 1891 2070 τῷ
1928 2019 2055 2056 αὐτίκα
2093 2022 2241 2070 φανερῷ
2272 2019 2495 2069 ἐπαρθέντας

328 2087 514 2131 ponendus
543 2087 695 2122 videtur.
753 2088 957 2122 Articulum
994 2085 1042 2122 τὸχ
1075 2092 1193 2123 autem
1230 2092 1314 2123 ante
1344 2099 1495 2133 sequens
1533 2088 1584 2135 τῷ
1615 2087 1784 2123 facillime
1815 2089 1975 2132 potuisse
2017 2088 2184 2122 excidere
2214 2092 2376 2131 apparet.
2436 2089 2493 2121 An

332 2152 503 2187 librarius
533 2153 677 2196 aliquis,
709 2163 788 2187 cum
818 2154 1021 2196 articulum,
1054 2154 1114 2197 qui
1144 2157 1199 2188 est
1230 2157 1313 2188 ante
1345 2150 1465 2196 πλέον,
1496 2154 1541 2188 ad
1574 2149 1672 2201 ἔχειν
1705 2153 1870 2196 referret,
1914 2154 2065 2188 eundem
2105 2157 2187 2197 post
2222 2154 2434 2196 particulam
2472 2150 2495 2199 ἦ

329 2217 488 2253 delevit?
545 2218 680 2261 Quibus
711 2218 905 2263 disputatis
935 2220 1047 2262 locus,
1079 2219 1123 2254 de
1143 2230 1212 2263 quo
1233 2220 1382 2264 egimus,
1414 2220 1466 2255 ita
1486 2219 1696 2254 scribendus
1726 2223 1796 2254 est:
1826 2217 1866 2254 τὸ
1896 2216 1966 2267 γὰρ
1997 2217 2046 2266 μὴ
2077 2216 2211 2253 ἀδικεῖν
2240 2216 2321 2257 τοὺς
2348 2215 2494 2266 ὁμοίους

329 2280 542 2332 ἐχυρωτέρα
573 2280 722 2332 δύναμις
751 2282 774 2332 ἦ
803 2283 843 2320 τὸ
874 2286 925 2333 τῷ
956 2281 1084 2320 αὐτίκα
1115 2285 1263 2334 φανερῷ
1293 2282 1513 2334 ἐπαρθέντας
1543 2283 1602 2321 διὰ
1632 2281 1805 2320 κινδύνων
1836 2283 1875 2320 τὸ
1906 2282 2013 2320 πλέον
2043 2280 2153 2333 ἔχειν.

528 2347 566 2400 b)
597 2352 802 2387 accusativo
833 2351 869 2387 in
899 2362 942 2387 ea
971 2355 1164 2396 structura,
1208 2362 1299 2397 quae
1335 2355 1485 2388 vocatur
1513 2352 1738 2388 aecusativus
1774 2362 1851 2387 cum
1883 2350 2060 2387 infinitivo
2098 2350 2160 2394 VJ,
2181 2352 2242 2386 14:
2286 2346 2347 2385 καὶ
2377 2346 2433 2392 σύ,
2465 2347 2496 2384 ὦ

329 2413 489 2464 πρύτανι,
520 2416 633 2451 ταῦτα
664 2442 673 2450 .
706 2442 714 2450 .
747 2442 756 2450 .
789 2414 983 2465 ἐπιψηφιζε
1014 2443 1022 2451 .
1055 2443 1064 2451 .
1097 2443 1106 2452 .
1138 2416 1285 2465 νομίσας
1316 2443 1325 2452 .
1357 2443 1366 2452 .
1399 2444 1407 2452 .
1441 2416 1481 2452 τὸ
1524 2417 1647 2456 καλῶς
1687 2414 1789 2465 ἄρξαι
1825 2414 1917 2452 τοῦτ’
1960 2414 2061 2459 εἶναι,
2094 2414 2131 2455 ὃς
2161 2413 2202 2450 ἂν
2238 2415 2300 2463 τὴν
2341 2414 2497 2463 πατρίδα

332 2480 509 2530 ὠφελήσῃ
540 2481 589 2521 ὡς
617 2482 766 2517 πλεῖστα
796 2481 867 2517 κτὲ.
914 2484 981 2526 ΙΙΙ,
1001 2485 1112 2527 12‚2.
1154 2484 1345 2528 V1,34,8.

528 2547 561 2594 0)
589 2548 755 2594 genetivo
785 2549 822 2584 in
853 2559 894 2584 ea
924 2552 1118 2594 structura,
1151 2560 1256 2595 quam
1287 2550 1410 2586 dicunt
1439 2549 1644 2596 genetivum
1674 2548 1876 2585 absolutum
1908 2546 2153 2593 111,12,21):
2191 2543 2245 2583 ἐπ’
2279 2544 2428 2587 ἐκείνοις
2458 2545 2498 2583 δὲ

332 2609 433 2652 ὄντος
461 2614 523 2648 τοῦ
554 2612 746 2664 ἐπιχειρεῖν
777 2612 838 2649 καὶ
868 2611 923 2664 ἐφ’
958 2613 1040 2663 ἡμῖν
1072 2612 1161 2649 εἶναι
1192 2614 1250 2650 δεῖ
1274 2614 1314 2650 τὸ
1344 2612 1630 2665 προαμύνεσθαι.

650 2732 703 2773 11.
732 2732 980 2774 Infinitivus
1011 2733 1199 2774 articulo
1229 2733 1471 2775 instructus
1500 2732 1721 2784 reperitur
1751 2731 2040 2783 appositionis
2069 2732 2178 2773 loco.

531 2812 633 2855 Quod
663 2812 797 2848 factum
827 2814 985 2848 videmus
1015 2814 1059 2849 iis
1089 2814 1190 2858 locis,
1222 2814 1350 2858 quibus
1380 2814 1417 2848 id
1446 2813 1577 2858 agitur,
1608 2816 1646 2847 ut
1676 2812 1788 2855 notio,
1821 2822 1926 2856 quam
1952 2813 2113 2847 continet
2144 2812 2356 2857 infinitivus,
2389 2814 2500 2848 totius

334 2877 592 2913 enuntiationis
622 2877 845 2923 significetur
873 2880 1094 2925 gravissima.
1152 2879 1231 2916 Hoc
1260 2879 1365 2916 modo
1396 2889 1518 2915 omnes
1548 2876 1716 2913 infinitivi
1746 2888 1849 2913 casus
1879 2877 2035 2914 adhibiti
2066 2883 2159 2914 sunt.

533 3007 557 3048 ¹)
586 2987 751 3038 v‘veiskius
775 3010 796 3039 1.
822 3019 849 3040 e.
873 3019 904 3048 p.
931 3011 993 3040 502
1016 3010 1072 3045 111,
1086 3011 1174 3045 ·.',3?
